@article{Phys2019,
    title = {{A lattice model for the interpretation of oligonucleotide hybridization experiments A lattice model for the interpretation of oligonucleotide hybridization experiments}},
    year = {2019},
    author = {Phys, J Chem and Sanstead, Paul J and Tokmakoff, Andrei},
    number = {February},
    volume = {185104},
    url = {http://dx.doi.org/10.1063/1.5092526},
    doi = {10.1063/1.5092526}
}

@article{Barducci2011,
    title = {{Alessandro Barducci, Massimiliano Bonomi and Michele Parrinello ∗}},
    year = {2011},
    author = {Barducci, Alessandro and Bonomi, Massimiliano and Parrinello, Michele},
    number = {October},
    pages = {826--843},
    volume = {1},
    doi = {10.1002/wcms.31}
}

@article{Hinckley2015,
    title = {{Coarse-Grained Ions for Nucleic Acid Modeling}},
    year = {2015},
    author = {Hinckley, Daniel M and Pablo, Juan J De},
    doi = {10.1021/acs.jctc.5b00341}
}

@article{Phys2014,
    title = {{Coarse-grained modeling of DNA oligomer hybridization : Length , sequence , and salt effects}},
    year = {2014},
    author = {Phys, J Chem and Hinckley, Daniel M and Lequieu, Joshua P and Pablo, Juan J De},
    number = {June},
    volume = {035102},
    url = {http://dx.doi.org/10.1063/1.4886336},
    doi = {10.1063/1.4886336}
}

@article{Markegard2015,
    title = {{Coarse-grained simulation study of sequence effects on DNA hybridization in a concentrated environment}},
    year = {2015},
    journal = {Journal of Physical Chemistry A},
    author = {Markegard, Cade B. and Fu, Iris W. and Reddy, K. Anki and Nguyen, Hung D.},
    number = {5},
    pages = {1823--1834},
    volume = {119},
    doi = {10.1021/jp509857k},
    issn = {15205215}
}

@article{Shmilovich,
    title = {{Discovery of Self-Assembling {$\pi$} -Conjugated Peptides by Active Learning-Directed Coarse-Grained Molecular Simulation}},
    author = {Shmilovich, Kirill and Mansbach, Rachael A and Sidky, Hythem and Dunne, Olivia E and Panda, Sayak Subhra and Tovar, John D and Ferguson, Andrew L},
    pages = {1--53}
}

@article{Markegard2016,
    title = {{E ff ects of Concentration and Temperature on DNA Hybridization by Two Closely Related Sequences via Large-Scale Coarse-Grained Simulations}},
    year = {2016},
    author = {Markegard, Cade B and Gallivan, Cameron P and Cheng, Darrell D and Nguyen, Hung D},
    number = {Figure 1},
    doi = {10.1021/acs.jpcb.6b03937}
}

@article{Markegard2016b,
    title = {{Effects of Concentration and Temperature on DNA Hybridization by Two Closely Related Sequences via Large-Scale Coarse-Grained Simulations}},
    year = {2016},
    journal = {Journal of Physical Chemistry B},
    author = {Markegard, Cade B. and Gallivan, Cameron P. and Cheng, Darrell D. and Nguyen, Hung D.},
    number = {32},
    pages = {7795--7806},
    volume = {120},
    doi = {10.1021/acs.jpcb.6b03937},
    issn = {15205207}
}

@article{Kick2012,
    title = {{EGNAS: an exhaustive DNA sequence design algorithm}},
    year = {2012},
    journal = {BMC Bioinformatics},
    author = {Kick, Alfred and B{\"{o}}nsch, Martin and Mertig, Michael},
    number = {1},
    volume = {13},
    doi = {10.1186/1471-2105-13-138},
    issn = {14712105},
    keywords = {DNA computing, DNA origami, DNA sequence design algorithm, Hairpin, Polymerase chain reaction (PCR), Single nucleotide polymorphism (SNP), Single-base extension (SBE), stem-and-loop structure}
}

@article{Xiao2019,
    title = {{Energy Landscapes and Hybridization Pathways for DNA Hexamer Duplexes}},
    year = {2019},
    journal = {Journal of Physical Chemistry Letters},
    author = {Xiao, Shiyan and Sharpe, Daniel J. and Chakraborty, Debayan and Wales, David J.},
    number = {21},
    pages = {6771--6779},
    volume = {10},
    doi = {10.1021/acs.jpclett.9b02356},
    issn = {19487185}
}

@article{Laio2002,
    title = {{Escaping free-energy minima}},
    year = {2002},
    author = {Laio, Alessandro and Parrinello, Michele}
}

@article{Sidky,
    title = {{High-resolution Markov state models for the dynamics of Trp-cage miniprotein constructed over slow folding modes identified by state-free reversible VAMPnets}},
    author = {Sidky, Hythem and Chen, Wei and Ferguson, Andrew L},
    pages = {1--13},
    arxivId = {arXiv:1906.04890v1}
}

@article{Shah2019,
    title = {{Improved Optical Multiplexing with Temporal DNA Barcodes}},
    year = {2019},
    journal = {ACS Synthetic Biology},
    author = {Shah, Shalin and Dubey, Abhishek K. and Reif, John},
    number = {5},
    pages = {1100--1111},
    volume = {8},
    doi = {10.1021/acssynbio.9b00010},
    issn = {21615063},
    pmid = {30951289},
    keywords = {DNA barcodes, DNA hybridization, continuous-time Markov chain, machine learning, optical multiplexing, single-molecule imaging}
}

@article{Bui2018,
    title = {{Localized DNA Hybridization Chain Reactions on DNA Origami}},
    year = {2018},
    journal = {ACS Nano},
    author = {Bui, Hie and Shah, Shalin and Mokhtar, Reem and Song, Tianqi and Garg, Sudhanshu and Reif, John},
    number = {2},
    pages = {1146--1155},
    volume = {12},
    doi = {10.1021/acsnano.7b06699},
    issn = {1936086X},
    keywords = {DNA hairpins, DNA nanoscience, DNA self-assembly, dynamic DNA nanotechnology, locality, localized hybridization reactions, structural DNA nanotechnology}
}

@article{Jin2019,
    title = {{Mechanisms of DNA hybridization: Transition path analysis of a simulation-informed Markov model}},
    year = {2019},
    journal = {Journal of Chemical Physics},
    author = {Jin, Raymond and Maibaum, Lutz},
    number = {10},
    volume = {150},
    url = {http://dx.doi.org/10.1063/1.5054593},
    doi = {10.1063/1.5054593},
    issn = {00219606},
    pmid = {30876357},
    arxivId = {1807.04258}
}

@article{Marini2008,
    title = {{Metadynamic sampling of the free-energy landscapes of proteins coupled with a Monte Carlo algorithm}},
    year = {2008},
    author = {Marini, F and Camilloni, C and Provasi, D and Broglia, R A and Tiana, G},
    pages = {37--40},
    volume = {422},
    doi = {10.1016/j.gene.2008.06.003}
}

@article{Sutto2012,
    title = {{New advances in metadynamics}},
    year = {2012},
    author = {Sutto, Ludovico and Marsili, Simone and Gervasio, Francesco Luigi},
    number = {October},
    pages = {771--779},
    volume = {2},
    doi = {10.1002/wcms.1103}
}

@article{Babin2007,
    title = {{NIH Public Access}},
    year = {2007},
    author = {Babin, Volodymyr and Roland, Christopher and Darden, Thomas A},
    number = {20},
    volume = {125}
}

@article{Chen,
    title = {{Nonlinear Discovery of Slow Molecular Modes using State-Free Reversible VAMPnets}},
    author = {Chen, Wei and Sidky, Hythem and Ferguson, Andrew L},
    pages = {1--19},
    arxivId = {arXiv:1902.03336v2}
}

@article{Laio2003,
    title = {{Predicting Crystal Structures : The Parrinello-Rahman Method Revisited}},
    year = {2003},
    author = {Laio, A and Parrinello, M and Marton, R},
    number = {February},
    pages = {1--4},
    doi = {10.1103/PhysRevLett.90.075503}
}

@article{Pinamonti2017,
    title = {{Predicting the Kinetics of RNA Oligonucleotides Using Markov State Models}},
    year = {2017},
    author = {Pinamonti, Giovanni and Zhao, Jianbo and Condon, David E and Paul, Fabian and Noe, Frank and Turner, Douglas H and Bussi, Giovanni},
    doi = {10.1021/acs.jctc.6b00982}
}

@article{Sanstead2016,
    title = {{Sequence-Dependent Mechanism of DNA Oligonucleotide Dehybridization Resolved through Infrared Spectroscopy}},
    year = {2016},
    author = {Sanstead, Paul J and Stevenson, Paul and Tokmako, Andrei},
    doi = {10.1021/jacs.6b05854}
}

@article{Angioletti-uberti2010,
    title = {{Solid-liquid interface free energy through metadynamics simulations}},
    year = {2010},
    author = {Angioletti-uberti, Stefano and Ceriotti, Michele and Lee, Peter D and Finnis, Mike W},
    pages = {1--11},
    doi = {10.1103/PhysRevB.81.125416}
}

@article{Sambriski2009,
    title = {{Uncovering pathways in DNA oligonucleotide hybridization via transition state analysis (Proceedings of the National Academy of Sciences of the United States of America (2009) 106, (18125-18130) DOI: 10.1073/pnas.0904721106)}},
    year = {2009},
    journal = {Proceedings of the National Academy of Sciences of the United States of America},
    author = {Sambriski, E. J. and Schwartz, D. C. and De Pablo, J. J.},
    number = {49},
    pages = {21007},
    volume = {106},
    doi = {10.1073/pnas.0912578106},
    issn = {00278424}
}

@article{Sambriski2009b,
    title = {{Uncovering pathways in DNA oligonucleotide hybridization via transition state analysis (Proceedings of the National Academy of Sciences of the United States of America (2009) 106, (18125-18130) DOI: 10.1073/pnas.0904721106)}},
    year = {2009},
    journal = {Proceedings of the National Academy of Sciences of the United States of America},
    author = {Sambriski, E J and Schwartz, D C and De Pablo, J J},
    number = {49},
    pages = {21007},
    volume = {106},
    doi = {10.1073/pnas.0912578106},
    issn = {00278424}
}

@article{Nazionale,
    title = {{Well-tempered metadynamics: a smoothly-converging and tunable free-energy method}},
    author = {Nazionale, Istituto and Tor, Roma and Scientifica, Ricerca},
    number = {2},
    pages = {1--4},
    arxivId = {arXiv:0803.3861v1}
}

@misc{062b65c8e5ea347d000c10b830249dc157cde6dfTime.com,
    title = {{062b65c8e5ea347d000c10b830249dc157cde6df @ time.com}},
    url = {https://time.com/5839932/how-remdesivir-works-coronavirus/}
}

@article{Tagami20173DTablets,
    title = {{3D Printing Factors Important for the Fabrication of Polyvinylalcohol Filament-Based Tablets}},
    year = {2017},
    author = {Tagami, Tatsuaki and Fukushige, Kaori and Ogawa, Emi and Hayashi, Naomi and Ozeki, Tetsuya},
    number = {3},
    pages = {357--364},
    volume = {40}
}

@article{Liu20173DSolution,
    title = {{3D single-molecule tracking enables direct hybridization kinetics measurement in solution}},
    year = {2017},
    journal = {Nanoscale},
    author = {Liu, Cong and Obliosca, Judy M. and Liu, Yen Liang and Chen, Yu An and Jiang, Ning and Yeh, Hsin Chih},
    number = {17},
    pages = {5664--5670},
    volume = {9},
    publisher = {Royal Society of Chemistry},
    doi = {10.1039/c7nr01369h},
    issn = {20403372}
}

@article{Phys2012APlates,
    title = {{A computational investigation of the phase behavior and capillary sublimation of water confined between nanoscale hydrophobic plates sublimation of water confined between nanoscale hydrophobic plates}},
    year = {2012},
    author = {Phys, J Chem and Ferguson, Andrew L and Giovambattista, Nicolás and Rossky, Peter J and Panagiotopoulos, Athanassios Z and Debenedetti, G and Panagiotopoulos, Athanassios Z and Debenedetti, Pablo G},
    volume = {144501},
    doi = {10.1063/1.4755750}
}

@article{Vashisth2016ACharacterization,
    title = {{A novel gellan – PVA nanofibrous scaffold for skin tissue regeneration : Fabrication and characterization}},
    year = {2016},
    journal = {Carbohydrate Polymers},
    author = {Vashisth, Priya and Nikhil, Kumar and Roy, Partha and Pruthi, Parul A and Singh, Rajesh P and Pruthi, Vikas},
    pages = {851--859},
    volume = {136},
    publisher = {Elsevier Ltd.},
    url = {http://dx.doi.org/10.1016/j.carbpol.2015.09.113},
    doi = {10.1016/j.carbpol.2015.09.113},
    issn = {0144-8617}
}

@article{Gu2010ALine,
    title = {{A proximity-based programmable DNA nanoscale assembly line}},
    year = {2010},
    journal = {Nature},
    author = {Gu, Hongzhou and Chao, Jie and Xiao, Shou Jun and Seeman, Nadrian C.},
    number = {7295},
    pages = {202--205},
    volume = {465},
    publisher = {Nature Publishing Group},
    doi = {10.1038/nature09026},
    issn = {00280836}
}

@article{Chen2014ARepresentations,
    title = {{A Simple Framework for Contrastive Learning of Visual Representations}},
    year = {2014},
    author = {Chen, Ting and Kornblith, Simon and Norouzi, Mohammad and Hinton, Geoffrey},
    arxivId = {arXiv:2002.05709v1}
}

@article{SantaLucia1998AThermodynamics,
    title = {{A unified view of polymer, dumbbell, and oligonucleotide DNA nearest-neighbor thermodynamics}},
    year = {1998},
    journal = {Proceedings of the National Academy of Sciences of the United States of America},
    author = {SantaLucia, John},
    number = {4},
    pages = {1460--1465},
    volume = {95},
    doi = {10.1073/pnas.95.4.1460},
    issn = {00278424},
    pmid = {9465037}
}

@misc{A64632Www.photonics.com,
    title = {{a64632 @ www.photonics.com}},
    url = {https://www.photonics.com/Articles/Improved_Optical_Multiplexing_with_Temporal_DNA/a64632}
}

@article{Sua2016AccurateModels,
    title = {{Accurate Estimation of Protein Folding and Unfolding Times : Beyond Markov State Models}},
    year = {2016},
    author = {Sua, Ernesto and Adelman, Joshua L and Zuckerman, Daniel M},
    volume = {1},
    doi = {10.1021/acs.jctc.6b00339}
}

@article{Perez2015ActaEngineering,
    title = {{Acta Biomaterialia Core – shell designed scaffolds for drug delivery and tissue engineering}},
    year = {2015},
    journal = {Acta Biomaterialia},
    author = {Perez, Roman A and Kim, Hae-won},
    pages = {2--19},
    volume = {21},
    publisher = {Acta Materialia Inc.},
    url = {http://dx.doi.org/10.1016/j.actbio.2015.03.013},
    doi = {10.1016/j.actbio.2015.03.013},
    issn = {1742-7061}
}

@article{Phys2018AdaptiveNetworks,
    title = {{Adaptive enhanced sampling by force- biasing using neural networks}},
    year = {2018},
    author = {Phys, J Chem and Guo, Ashley Z and Pablo, J De and Sevgen, Emre and Sidky, Hythem and Whitmer, Jonathan K and Hubbell, Jeffrey A and Guo, Ashley Z and Sevgen, Emre and Sidky, Hythem and Whitmer, Jonathan K},
    number = {December 2017},
    volume = {134108},
    url = {http://dx.doi.org/10.1063/1.5020733},
    doi = {10.1063/1.5020733}
}

@article{Datta2018Alginate-polyApplications,
    title = {{Alginate-poly ( amino acid ) extrusion printed scaffolds for tissue engineering applications}},
    year = {2018},
    journal = {International Journal of Polymeric Materials and Polymeric Biomaterials},
    author = {Datta, Sudipto and Das, Ankita and Sasmal, Pranabesh and Bhutoria, Sumant and Roy, Amit and Datta, Pallab},
    number = {0},
    pages = {1--9},
    volume = {0},
    publisher = {Taylor {\&} Francis},
    url = {https://doi.org/10.1080/00914037.2018.1539988},
    doi = {10.1080/00914037.2018.1539988},
    issn = {0091-4037},
    keywords = {alginate, bioink, bioprinting, differentiation, extrusion, osteoblast, poly}
}

@article{Vert2005AliphaticCannot,
    title = {{Aliphatic Polyesters : Great Degradable Polymers That Cannot}},
    year = {2005},
    author = {Vert, Michel},
    pages = {538--546},
    doi = {10.1021/bm0494702}
}

@article{Hinckley2013AnHybridization,
    title = {{An experimentally-informed coarse-grained 3-site-per-nucleotide model of DNA: Structure, thermodynamics, and dynamics of hybridization}},
    year = {2013},
    journal = {Journal of Chemical Physics},
    author = {Hinckley, Daniel M. and Freeman, Gordon S. and Whitmer, Jonathan K. and De Pablo, Juan J.},
    number = {14},
    volume = {139},
    doi = {10.1063/1.4822042},
    issn = {00219606}
}

@article{Wu2020AnalysisMethods,
    title = {{Analysis of therapeutic targets for SARS-CoV-2 and discovery of potential drugs by computational methods}},
    year = {2020},
    journal = {Acta Pharmaceutica Sinica B},
    author = {Wu, Canrong and Liu, Yang and Yang, Yueying and Zhang, Peng and Zhong, Wu and Wang, Yali and Wang, Qiqi and Xu, Yang and Li, Mingxue and Li, Xingzhou and Zheng, Mengzhu and Chen, Lixia and Li, Hua},
    publisher = {Chinese Pharmaceutical Association and Institute of Materia Medica, Chinese Academy of Medical Sciences},
    url = {https://doi.org/10.1016/j.apsb.2020.02.008},
    doi = {10.1016/j.apsb.2020.02.008},
    issn = {22113835}
}

@article{PinamontiAnalyzedModels,
    title = {{analyzed with core-set Markov state models}},
    author = {Pinamonti, Giovanni and Paul, Fabian and Rodriguez, Alex and Bussi, Giovanni},
    volume = {43},
    arxivId = {arXiv:1811.12144v2}
}

@article{Lavery2014AnalyzingDNA,
    title = {{Analyzing ion distributions around DNA}},
    year = {2014},
    journal = {Nucleic Acids Research},
    author = {Lavery, Richard and Maddocks, John H. and Pasi, Marco and Zakrzewska, Krystyna},
    number = {12},
    pages = {8138--8149},
    volume = {42},
    doi = {10.1093/nar/gku504},
    issn = {13624962},
    pmid = {24906882}
}

@article{Sung2009AndElectrospinning,
    title = {{and its derivative by electrospinning}},
    year = {2009},
    author = {Sung, Moon-hee},
    pages = {735--742},
    isbn = {0028900901},
    doi = {10.1007/s00289-009-0112-5},
    keywords = {c -glutamic acid, poly, {\'{a}} fiber {\'{a}} electrospinning}
}

@article{Clercq2016ApprovedYears.,
    title = {{Approved antiviral drugs over the past 50 years. }},
    year = {2016},
    journal = {Clinical Microbiology Reviews },
    author = {Clercq, E de and E., De Clercq},
    number = {3 },
    pages = {695--747},
    volume = {29 },
    url = {http://cmr.asm.org/content/29/3/695.full.pdf%0Ahttp://ovidsp.ovid.com/ovidweb.cgi?T=JS&PAGE=reference&D=emed18a&NEWS=N&AN=610657845%0Ahttp://cmr.asm.org/content/29/3/695.abstract},
    isbn = {0893-8512},
    doi = {10.1128/CMR.00102-15.Address},
    keywords = {*antivirus agent, *drug approval, 5 (2 bromovinyl) 2' deoxyuridine, DNA-directed RNA polymerase, HIV infections, Hepatitis B virus, Hepatitis C virus, Herpes simplex virus, Human cytomegalovirus, Human immunodeficiency virus, Human immunodeficiency virus infection, RNA-directed DNA polymerase, Varicella zoster virus, Wart virus, abacavir, activity, analogues, antiviral activity, antiviral agents, asunaprevir, atazanavir, clinical trial (topic), communicable disease, darunavir, delavirdine, didanosine, disease transmission, drug safety, efavirenz, emerging infectious diseases, emtricitabine, enzyme inhibitors, etravirine, food and drug administration, fosamprenavir, foscarnet, genotype, guanosine, hepatitis, hepatitis B, hepatitis C, herpes simplex encephalitis, human, human diseases, human immunodeficiency viruses, human papillomaviruses, idoxuridine, indinavir, infections, infectious diseases, influenza, influenza viruses, interferon, lamivudine, liver diseases, molecular genetics, nelfinavir, nevirapine, nonhuman, nucleoside analog, nucleoside analogues, nucleosides, oligonucleotides, phase 2 clinical trial (topic), phase 3 clinical trial (topic), proteinase inhibitors, proteinases, randomized controlled trial (topic), respiratory diseases, review, ribavirin, rilpivirine, ritonavir, saquinavir, severe acute respiratory syndrome, sialidase, simian acquired immunodeficiency syndrome, stavudine, therapy, tipranavir, treatment, trifluridine, unindexed drug, vaniprevir, viral diseases, virus infection, warts, zalcitabine, zidovudine}
}

@article{Hinckley2017ArticleCo,
    title = {{Article A Molecular View of the Dynamics of dsDNA Packing Inside Viral Capsids in the Presence of Ions s Co}},
    year = {2017},
    author = {Hinckley, Daniel M and Lequieu, Joshua and Pablo, Juan J De},
    pages = {1302--1315},
    doi = {10.1016/j.bpj.2017.02.015}
}

@article{Hagan2003AtomisticDNA,
    title = {{Atomistic understanding of kinetic pathways for single base-pair binding and unbinding in DNA}},
    year = {2003},
    journal = {Proceedings of the National Academy of Sciences of the United States of America},
    author = {Hagan, Michael F. and Dinner, Aaron R. and Chandler, David and Chakraborty, Arup K.},
    number = {SUPPL. 2},
    pages = {13922--13927},
    volume = {100},
    doi = {10.1073/pnas.2036378100},
    issn = {00278424},
    pmid = {14617777}
}

@article{Vaswani2017AttentionNeed,
    title = {{Attention Is All You Need}},
    year = {2017},
    author = {Vaswani, Ashish},
    number = {Nips},
    arxivId = {arXiv:1706.03762v5}
}

@article{Sengupta2019AutomatedSelf-assembly,
    title = {{Automated Markov state models for molecular dynamics simulations of aggregation and self-assembly}},
    year = {2019},
    author = {Sengupta, Ushnish and Carballo-pacheco, Martín and Strodel, Birgit},
    pages = {2--5},
    volume = {115101},
    url = {http://dx.doi.org/10.1063/1.5083915},
    doi = {10.1063/1.5083915}
}

@article{Amariei2018Biocompatible-,
    title = {{Biocompatible antimicrobial electrospun nano fi bers functionalized with {$\epsilon$} -}},
    year = {2018},
    journal = {International Journal of Pharmaceutics},
    author = {Amariei, Georgiana and Kokol, Vanja and Vivod, Vera and Boltes, Karina and Let{\'{o}}n, Pedro and Rosal, Roberto},
    number = {1-2},
    pages = {141--148},
    volume = {553},
    publisher = {Elsevier},
    url = {https://doi.org/10.1016/j.ijpharm.2018.10.037},
    doi = {10.1016/j.ijpharm.2018.10.037},
    issn = {0378-5173},
    keywords = {Antibacterial materials, Biocompatible dressings, Electrospun fibers, {$\epsilon$}-Poly(l-lysine)}
}

@article{Astete2016BiodistributionDays,
    title = {{Biodistribution and toxicity of orally administered poly ( lactic-co-glycolic ) acid nanoparticles to F344 rats for 21 days}},
    year = {2016},
    author = {Astete, Carlos E and Stout, Rhett W and Mottram, Peter},
    pages = {1653--1669},
    volume = {11},
    keywords = {biodistribution, carlos e astete 1, diana, morgan 3, nanoparticles, rhett w stout 2, sara m navarro 1, timothy w, toxicity}
}

@article{Bajaj2011BioresourceInterest,
    title = {{Bioresource Technology Poly ( glutamic acid ) – An emerging biopolymer of commercial interest}},
    year = {2011},
    journal = {Bioresource Technology},
    author = {Bajaj, Ishwar and Singhal, Rekha},
    number = {10},
    pages = {5551--5561},
    volume = {102},
    publisher = {Elsevier Ltd},
    url = {http://dx.doi.org/10.1016/j.biortech.2011.02.047},
    doi = {10.1016/j.biortech.2011.02.047},
    issn = {0960-8524},
    keywords = {c -glutamic acid, poly}
}

@article{2020BloodyHell,
    title = {{Bloody hell!}},
    year = {2020}
}

@article{Noe2019BoltzmannLearning,
    title = {{Boltzmann generators: Sampling equilibrium states of many-body systems with deep learning}},
    year = {2019},
    journal = {Science},
    author = {No{\'{e}}, Frank and Olsson, Simon and K{\"{o}}hler, Jonas and Wu, Hao},
    number = {6457},
    volume = {365},
    doi = {10.1126/science.aaw1147},
    issn = {10959203},
    pmid = {31488660}
}

@article{Chen2019CapabilitiesSystems,
    title = {{Capabilities and limitations of time-lagged autoencoders for slow mode discovery in dynamical systems}},
    year = {2019},
    journal = {Journal of Chemical Physics},
    author = {Chen, Wei and Sidky, Hythem and Ferguson, Andrew L.},
    number = {6},
    pages = {1--16},
    volume = {151},
    doi = {10.1063/1.5112048},
    issn = {00219606},
    arxivId = {1906.00325}
}

@article{Deng2018CharacterizationElectrospinning,
    title = {{Characterization of gelatin/zein nanofibers by hybrid electrospinning}},
    year = {2018},
    journal = {Food Hydrocolloids},
    author = {Deng, Lingli and Zhang, Xi and Li, Yang and Que, Fei and Kang, Xuefan and Liu, Yuyu and Feng, Fengqin and Zhang, Hui},
    pages = {72--80},
    volume = {75},
    publisher = {Elsevier Ltd},
    url = {https://doi.org/10.1016/j.foodhyd.2017.09.011},
    doi = {10.1016/j.foodhyd.2017.09.011},
    issn = {0268005X},
    keywords = {Electrospinning, Gelatin, Solvent resistance, Zein}
}

@article{Jc2016ChitosanMedicine,
    title = {{Chitosan / Poly ( {$\gamma$} -glutamic acid ) Polyelectrolyte Complexes : From Self- Assembly to Application in Biomolecules Delivery and Regenerative Medicine}},
    year = {2016},
    author = {Jc, Antunes and Rm, Gonçalves and Ma, Barbosa and Investiga{\c{c}}{\~{a}}o, Instituto De and Porto, Universidade and Allen, Rua Alfredo and Biom{\'{e}}dica, Ineb-instituto De Engenharia and Porto, Universidade and Allen, Rua Alfredo and Biom{\'{e}}dicas, Icbas-instituto De Ciências and Salazar, Abel and Porto, Universidade and Viterbo, Rua De Jorge},
    number = {4},
    pages = {19--21},
    volume = {4},
    doi = {10.4172/2321-6212.1000153},
    keywords = {Chitosan, Delivery system, Poly({$\gamma$}-glutamic acid), Polyelectrolyte complexes, Regenerative medicine, chitosan, glutamic acid, poly, polyelectrolyte complexes, regenerative medicine, {$\gamma$}-}
}

@article{Kuo2017ChitosanEngineering,
    title = {{Chitosan / {$\gamma$} -poly ( glutamic acid ) scaffolds with surface-modi fi ed albumin , elastin and poly- L -lysine for cartilage tissue engineering}},
    year = {2017},
    journal = {Materials Science {\&} Engineering C},
    author = {Kuo, Yung-chih and Ku, Hao-fu and Rajesh, Rajendiran},
    pages = {265--277},
    volume = {78},
    publisher = {Elsevier B.V.},
    url = {http://dx.doi.org/10.1016/j.msec.2017.04.067},
    doi = {10.1016/j.msec.2017.04.067},
    issn = {0928-4931},
    keywords = {Apoptosis, Biodegradation, Caspase-3, Glycoaminoglycan, Mechanical strength, Mitochondrial staining, Type II collagen}
}

@article{Ray2019ChromatinShock,
    title = {{Chromatin conformation remains stable upon extensive transcriptional changes driven by heat shock}},
    year = {2019},
    author = {Ray, Judhajeet and Munn, Paul R and Vihervaara, Anniina and Lewis, James J and Ozer, Abdullah and Danko, Charles G},
    number = {39},
    pages = {19431--19439},
    volume = {116},
    doi = {10.1073/pnas.1901244116}
}

@article{Hinckley2014Coarse-grainedEffects,
    title = {{Coarse-grained modeling of DNA oligomer hybridization: Length, sequence, and salt effects}},
    year = {2014},
    journal = {Journal of Chemical Physics},
    author = {Hinckley, Daniel M. and Lequieu, Joshua P. and De Pablo, Juan J.},
    number = {3},
    volume = {141},
    url = {http://dx.doi.org/10.1063/1.4886336},
    doi = {10.1063/1.4886336},
    issn = {00219606}
}

@article{Dai2017CoaxialFibers,
    title = {{Coaxial 3D bioprinting of self-assembled multicellular heterogeneous tumor fibers}},
    year = {2017},
    journal = {Scientific Reports},
    author = {Dai, Xingliang and Liu, Libiao and Ouyang, Jia and Li, Xinda and Zhang, Xinzhi and Lan, Qing and Xu, Tao},
    pages = {1--12},
    publisher = {Springer US},
    url = {http://dx.doi.org/10.1038/s41598-017-01581-y},
    doi = {10.1038/s41598-017-01581-y},
    issn = {2045-2322}
}

@article{Phys2018CollectiveDesign,
    title = {{Collective variable discovery and enhanced sampling using autoencoders : Innovations in network architecture and error function design}},
    year = {2018},
    author = {Phys, J Chem and Chen, Wei and Tan, Aik Rui and Ferguson, Andrew L},
    volume = {072312},
    url = {http://dx.doi.org/10.1063/1.5023804},
    doi = {10.1063/1.5023804}
}

@article{Wang2012ColloidsApplications,
    title = {{Colloids and Surfaces B : Biointerfaces Fabrication and morphology control of electrospun poly ( ␥ -glutamic acid ) nanofibers for biomedical applications}},
    year = {2012},
    journal = {Colloids and Surfaces B: Biointerfaces},
    author = {Wang, Shige and Cao, Xueyan and Shen, Mingwu and Guo, Rui and B{\'{a}}nyai, István and Shi, Xiangyang},
    pages = {254--264},
    volume = {89},
    publisher = {Elsevier B.V.},
    url = {http://dx.doi.org/10.1016/j.colsurfb.2011.09.029},
    doi = {10.1016/j.colsurfb.2011.09.029},
    issn = {0927-7765},
    keywords = {-glutamic acid, poly}
}

@article{Kastantin2017ConnectingTracking,
    title = {{Connecting Protein Conformation and Dynamics with Ligand − Receptor Binding Using Three-Color Fo ̈ rster Resonance Energy Transfer Tracking}},
    year = {2017},
    author = {Kastantin, Mark and Faulo, David and Grover, Navdeep and Mcloughlin, Sean Yu and Schwartz, Daniel K and Kaar, Joel L},
    doi = {10.1021/jacs.7b03978}
}

@article{Merkle2013Core-ShellAlcohol,
    title = {{Core-Shell Nanofibers: Integrating the Bioactivity of Gelatin and the Mechanical Property of Polyvinyl Alcohol}},
    year = {2013},
    author = {Merkle, Valerie M and Zeng, Like and Slepian, Marvin J and Wu, Xiaoyi},
    number = {4},
    pages = {336--346},
    volume = {101},
    doi = {10.1002/bip.22367},
    keywords = {accepted pre-, coaxial electrospinning, core-shell nanofibers, date corresponds to the, gelatin, polyvinyl alcohol, preprint, print, published online, published online as an, the, this article was originally, tissue engineering}
}

@article{Agostini2018CoronavirusExoribonuclease,
    title = {{Coronavirus susceptibility to the antiviral remdesivir (GS-5734) is mediated by the viral polymerase and the proofreading exoribonuclease}},
    year = {2018},
    journal = {mBio},
    author = {Agostini, Maria L. and Andres, Erica L. and Sims, Amy C. and Graham, Rachel L. and Sheahan, Timothy P. and Lu, Xiaotao and Smith, Everett Clinton and Case, James Brett and Feng, Joy Y. and Jordan, Robert and Ray, Adrian S. and Cihlar, Tomas and Siegel, Dustin and Mackman, Richard L. and Clarke, Michael O. and Baric, Ralph S. and Denison, Mark R.},
    number = {2},
    pages = {1--15},
    volume = {9},
    doi = {10.1128/mBio.00221-18},
    issn = {21507511},
    keywords = {Antiviral agents, Antiviral resistance, Coronavirus, Nucleoside analogs, Pandemic, RNA polymerases, SARS-CoV}
}

@misc{D41586-019-01690-wWww.nature.com,
    title = {{d41586-019-01690-w @ www.nature.com}},
    url = {https://www.nature.com/articles/d41586-019-01690-w}
}

@article{Bartzatt2001DansylationGroups,
    title = {{Dansylation of hydroxyl and carboxylic acid functional groups}},
    year = {2001},
    author = {Bartzatt, Ronald},
    pages = {189--195},
    volume = {47},
    keywords = {dansylation, ethanol, fluorescence}
}

@article{Andrew2013DeepAnalysis,
    title = {{Deep Canonical Correlation Analysis}},
    year = {2013},
    author = {Andrew, Galen and Bilmes, Jeff and Livescu, Karen},
    volume = {28},
    keywords = {canonical correlation analysis, kernel CCA, deep l}
}

@article{Zhang2018DeepMechanics,
    title = {{Deep Potential Molecular Dynamics: A Scalable Model with the Accuracy of Quantum Mechanics}},
    year = {2018},
    journal = {Physical Review Letters},
    author = {Zhang, Linfeng and Han, Jiequn and Wang, Han and Car, Roberto and Weinan, E.},
    number = {14},
    pages = {1--22},
    volume = {120},
    doi = {10.1103/PhysRevLett.120.143001},
    issn = {10797114},
    arxivId = {1707.09571}
}

@article{Han2018DeepSurface,
    title = {{Deep Potential: A General Representation of a Many-Body Potential Energy Surface}},
    year = {2018},
    journal = {Communications in Computational Physics},
    author = {Han, Jiequn and Zhang, Linfeng and Car, Roberto and E, Weinan},
    number = {3},
    pages = {1--13},
    volume = {23},
    doi = {10.4208/cicp.oa-2017-0213},
    issn = {18152406},
    arxivId = {1707.01478}
}

@article{Tsukanov2013DetailedOrigami,
    title = {{Detailed study of DNA hairpin dynamics using single-molecule fluorescence assisted by DNA origami}},
    year = {2013},
    journal = {Journal of Physical Chemistry B},
    author = {Tsukanov, Roman and Tomov, Toma E. and Masoud, Rula and Drory, Hagai and Plavner, Noa and Liber, Miran and Nir, Eyal},
    number = {40},
    pages = {11932--11942},
    volume = {117},
    doi = {10.1021/jp4059214},
    issn = {15206106}
}

@article{Liu2019DetectionData,
    title = {{Detection of DNA base modifications by deep recurrent neural network on Oxford Nanopore sequencing data}},
    year = {2019},
    journal = {Nature Communications},
    author = {Liu, Qian and Fang, Li and Yu, Guoliang and Wang, Depeng and Xiao, Chuan Le and Wang, Kai},
    number = {1},
    volume = {10},
    publisher = {Springer US},
    url = {http://dx.doi.org/10.1038/s41467-019-10168-2},
    isbn = {4146701910},
    doi = {10.1038/s41467-019-10168-2},
    issn = {20411723},
    pmid = {31164644}
}

@article{Ivanov1996DeterminationLabelling,
    title = {{Determination of Functional Groups on Polymer Surfaces Using Fluorescence Labelling}},
    year = {1996},
    author = {Ivanov, V B and Behnisch, J and Hollander, A and Mehdorn, F and Zimmermann, H},
    number = {October 1995},
    pages = {3--8},
    volume = {24}
}

@article{Coifman2006DiffusionMaps,
    title = {{Diffusion maps}},
    year = {2006},
    journal = {Applied and Computational Harmonic Analysis},
    author = {Coifman, Ronald R. and Lafon, Stéphane},
    number = {1},
    pages = {5--30},
    volume = {21},
    doi = {10.1016/j.acha.2006.04.006},
    issn = {10635203},
    keywords = {Diffusion metric, Diffusion processes, Dimensionality reduction, Eigenmaps, Graph Laplacian, Manifold learning}
}

@article{Qu2010DirectOligonucleotides,
    title = {{Direct measurement of the rates and barriers on forward and reverse diffusions of intramolecular collision in overhang oligonucleotides}},
    year = {2010},
    journal = {Journal of Physical Chemistry B},
    author = {Qu, Peng and Yang, Xinxing and Li, Xun and Zhou, Xiaoxue and Zhao, Xin Sheng},
    number = {24},
    pages = {8235--8243},
    volume = {114},
    doi = {10.1021/jp101173y},
    issn = {15205207}
}

@article{Sanstead2018DirectIn,
    title = {{Direct Observation of Activated Kinetics and Downhill Dynamics in}},
    year = {2018},
    author = {Sanstead, Paul J and Tokmako, Andrei},
    doi = {10.1021/acs.jpcb.8b01445}
}

@article{Sanstead2018DirectDehybridization,
    title = {{Direct Observation of Activated Kinetics and Downhill Dynamics in DNA Dehybridization}},
    year = {2018},
    journal = {Journal of Physical Chemistry B},
    author = {Sanstead, Paul J. and Tokmakoff, Andrei},
    number = {12},
    pages = {3088--3100},
    volume = {122},
    doi = {10.1021/acs.jpcb.8b01445},
    issn = {15205207}
}

@article{Sanstead2018DirectDehybridizationb,
    title = {{Direct Observation of Activated Kinetics and Downhill Dynamics in DNA Dehybridization}},
    year = {2018},
    journal = {Journal of Physical Chemistry B},
    author = {Sanstead, Paul J. and Tokmakoff, Andrei},
    number = {12},
    pages = {3088--3100},
    volume = {122},
    doi = {10.1021/acs.jpcb.8b01445},
    issn = {15205207}
}

@article{Nieba1997DisruptingFragment,
    title = {{Disrupting the hydrophobic patches at the antibody variable / constant domain interface : improved in vivo folding and physical characterization of an engineered scFv fragment}},
    year = {1997},
    author = {Nieba, Lars and Honegger, Annemarie and Krebber, Claus},
    number = {4},
    pages = {435--444},
    volume = {10},
    keywords = {antibody engineering, domain interface, hydrophobic, patches, protein aggregation, protein engineering, single-chain}
}

@article{Hairong2007DNALandscape,
    title = {{DNA folding and melting observed in real time redefine the energy landscape}},
    year = {2007},
    journal = {Proceedings of the National Academy of Sciences of the United States of America},
    author = {Hairong, Ma and Wan, Chaozhi and Wu, Aiguo and Zewail, Ahmed H.},
    number = {3},
    pages = {712--716},
    volume = {104},
    doi = {10.1073/pnas.0610028104},
    issn = {00278424},
    pmid = {17215374},
    keywords = {Biopolymers, Macromolecular folding, Ultrafast T-jump}
}

@article{Schreck2015DNAHybridization,
    title = {{DNA hairpins destabilize duplexes primarily by promoting melting rather than by inhibiting hybridization}},
    year = {2015},
    journal = {Nucleic Acids Research},
    author = {Schreck, John S. and Ouldridge, Thomas E. and Romano, Flavio and {\v{S}}ulc, Petr and Shaw, Liam P. and Louis, Ard A. and Doye, Jonathan P.K.},
    number = {13},
    pages = {6181--6190},
    volume = {43},
    doi = {10.1093/nar/gkv582},
    issn = {13624962}
}

@article{Romano2013DNADependence,
    title = {{DNA hybridization kinetics : zippering , internal displacement and sequence dependence}},
    year = {2013},
    author = {Romano, Flavio and Doye, Jonathan P K and Ouldridge, Thomas E and Petr, S and Louis, Ard A},
    number = {19},
    pages = {8886--8895},
    volume = {41},
    doi = {10.1093/nar/gkt687}
}

@article{Seeman2017DNANanotechnology,
    title = {{DNA nanotechnology}},
    year = {2017},
    journal = {Nature Reviews Materials},
    author = {Seeman, Nadrian C. and Sleiman, Hanadi F.},
    volume = {3},
    doi = {10.1038/natrevmats.2017.68},
    issn = {20588437}
}

@misc{Dna-origamiCapsidconstructors.github.io,
    title = {{dna-origami @ capsidconstructors.github.io}},
    url = {https://capsidconstructors.github.io/lab-book/dna-origami.html}
}

@article{Huang2001DynamicsDNA,
    title = {{Dynamics of site juxtaposition in supercoiled DNA}},
    year = {2001},
    journal = {Proceedings of the National Academy of Sciences of the United States of America},
    author = {Huang, Jing and Schlick, Tamar and Vologodskii, Alexander},
    number = {3},
    pages = {968--973},
    volume = {98},
    doi = {10.1073/pnas.98.3.968},
    issn = {00278424}
}

@article{Xu2017E,
    title = {{E ( 1 , 2 ),}},
    year = {2017},
    author = {Xu, Jie and Wang, Sihong and Wang, Ging-ji Nathan and Zhu, Chenxin and Luo, Shaochuan and Jin, Lihua and Gu, Xiaodan and Chen, Shucheng and Feig, Vivian R and To, John W F and Rondeau-gagn{\'{e}}, Simon and Park, Joonsuk and Schroeder, Bob C and Lu, Chien and Oh, Jin Young and Wang, Yanming and Kim, Yun-hi and Yan, He and Sinclair, Robert and Zhou, Dongshan and Xue, Gi and Murmann, Boris and Linder, Christian and Cai, Wei and Tok, Jeffery B},
    number = {January},
    pages = {59--64},
    volume = {64}
}

@article{Michele2014EHybridization,
    title = {{E ff ect of Inert Tails on the Thermodynamics of DNA Hybridization}},
    year = {2014},
    author = {Michele, Lorenzo Di and Mognetti, Bortolo M and Yanagishima, Taiki and Varilly, Patrick and Ru, Zachary and Frenkel, Daan and Eiser, Erika},
    pages = {0--3},
    doi = {10.1021/ja500027v}
}

@article{Markegard2016ESimulations,
    title = {{E ff ects of Concentration and Temperature on DNA Hybridization by Two Closely Related Sequences via Large-Scale Coarse-Grained Simulations}},
    year = {2016},
    author = {Markegard, Cade B and Gallivan, Cameron P and Cheng, Darrell D and Nguyen, Hung D},
    number = {Figure 1},
    doi = {10.1021/acs.jpcb.6b03937}
}

@article{Shit2014EdibleOpportunities,
    title = {{Edible Polymers : Challenges and Opportunities}},
    year = {2014},
    author = {Shit, Subhas C and Shah, Pathik M},
    volume = {2014}
}

@article{DiMichele2014EffectHybridization,
    title = {{Effect of inert tails on the thermodynamics of DNA hybridization}},
    year = {2014},
    journal = {Journal of the American Chemical Society},
    author = {Di Michele, Lorenzo and Mognetti, Bortolo M. and Yanagishima, Taiki and Varilly, Patrick and Ruff, Zachary and Frenkel, Daan and Eiser, Erika},
    number = {18},
    pages = {6538--6541},
    volume = {136},
    doi = {10.1021/ja500027v},
    issn = {15205126}
}

@article{Zi2016EffectiveNanogenerator,
    title = {{Effective energy storage from a triboelectric nanogenerator}},
    year = {2016},
    journal = {Nature Communications},
    author = {Zi, Yunlong and Wang, Jie and Wang, Sihong and Li, Shengming and Wen, Zhen and Guo, Hengyu and Wang, Zhong Lin},
    pages = {1--8},
    volume = {7},
    publisher = {Nature Publishing Group},
    url = {http://dx.doi.org/10.1038/ncomms10987},
    doi = {10.1038/ncomms10987}
}

@article{Meli2010ElectrospinningFormation,
    title = {{Electrospinning from room temperature ionic liquids for biopolymer fiber formation}},
    year = {2010},
    author = {Meli, Luciana and Miao, Jianjun and Dordick, S and Linhardt, Robert J},
    pages = {1883--1892},
    doi = {10.1039/c0gc00283f}
}

@article{Wongsasulak2010ElectrospinningBlends,
    title = {{Electrospinning of food-grade nanofibers from cellulose acetate and egg albumen blends}},
    year = {2010},
    journal = {Journal of Food Engineering},
    author = {Wongsasulak, Saowakon and Patapeejumruswong, Manashuen and Weiss, Jochen and Supaphol, Pitt},
    number = {3},
    pages = {370--376},
    volume = {98},
    publisher = {Elsevier Ltd},
    url = {http://dx.doi.org/10.1016/j.jfoodeng.2010.01.014},
    doi = {10.1016/j.jfoodeng.2010.01.014},
    issn = {0260-8774}
}

@article{Stijnman2011ElectrospinningPolysaccharides,
    title = {{Electrospinning of food-grade polysaccharides}},
    year = {2011},
    journal = {Food Hydrocolloids},
    author = {Stijnman, Ann C. and Bodnar, Igor and Hans Tromp, R.},
    number = {5},
    pages = {1393--1398},
    volume = {25},
    publisher = {Elsevier Ltd},
    url = {http://dx.doi.org/10.1016/j.foodhyd.2011.01.005},
    isbn = {0268-005X},
    doi = {10.1016/j.foodhyd.2011.01.005},
    issn = {0268005X},
    pmid = {24468855},
    keywords = {Extensional viscosity, Fiber formation, Shear thinning}
}

@article{Lu2006ElectrospinningOxide,
    title = {{Electrospinning of sodium alginate with poly(ethylene oxide)}},
    year = {2006},
    journal = {Polymer},
    author = {Lu, Jian Wei and Zhu, Yong Liang and Guo, Zhao Xia and Hu, Ping and Yu, Jian},
    number = {23},
    pages = {8026--8031},
    volume = {47},
    isbn = {0032-3861},
    doi = {10.1016/j.polymer.2006.09.027},
    issn = {00323861},
    keywords = {Electrospinning, Poly(ethylene oxide), Sodium alginate}
}

@article{Jafari2011ElectrospunEvaluation,
    title = {{Electrospun chitosan-gelatin nanofiberous scaffold: Fabrication and in vitro evaluation}},
    year = {2011},
    journal = {Bio-Medical Materials and Engineering},
    author = {Jafari, Javad and Emami, Shahriar Hojjati and Samadikuchaksaraei, Ali and Bahar, Mohammad Ali and Gorjipour, Fazel},
    number = {2},
    pages = {99--112},
    volume = {21},
    isbn = {0959-2989},
    doi = {10.3233/BME-2011-0660},
    issn = {09592989},
    pmid = {21654066},
    keywords = {Chitosan, electrospinning, gelatin, nanofibers, scaffold}
}

@article{Gizaw2018ElectrospunApplications,
    title = {{Electrospun Fibers as a Dressing Material for Drug and Biological Agent Delivery in Wound Healing Applications}},
    year = {2018},
    author = {Gizaw, Mulugeta and Thompson, Jeffrey and Faglie, Addison and Lee, Shih-yu and Neuenschwander, Pierre and Chou, Shih-feng},
    pages = {1--28},
    doi = {10.3390/bioengineering5010009},
    keywords = {drug release, electrospun fibers, gene, proteins and peptides, small molecule drugs}
}

@article{Woerdeman2005ElectrospunProcess,
    title = {{Electrospun Fibers from Wheat Protein : Investigation of the Interplay between Molecular Structure and the Fluid Dynamics of the Electrospinning Process}},
    year = {2005},
    author = {Woerdeman, Dara L and Ye, Peng and Shenoy, Suresh and Parnas, Richard S and Wnek, Gary E and Trofimova, Olga},
    pages = {707--712},
    doi = {10.1021/bm0494545}
}

@article{Hoktaweesap2007ElectrospunDiameters,
    title = {{Electrospun Gelatin Fibers : Effect of Solvent System on Morphology and Fiber Diameters}},
    year = {2007},
    author = {Hoktaweesap, Nuanchan C and Rayanarakul, Kunawan A and Ong, Duangdao A H T and Eechaisue, Chidchanok M and Upaphol, Pitt S},
    number = {6},
    pages = {622--631},
    volume = {39},
    doi = {10.1295/polymj.PJ2006190},
    keywords = {electrospinning, electrostatic spinning or electrospinning, ess by which ultrafine, fibers with diameters in, gelatin, is a proc-, nano-, nanofibers, solvent}
}

@article{Zhang2014ElectrospunCulture,
    title = {{Electrospun zein / PVA fibrous mats as three- dimensional surface for embryonic stem cell culture}},
    year = {2014},
    author = {Zhang, Mei and Liu, Yongjia and Yi, Hualin and Luan, Jiashuang and Zhang, Yan and Cai, Hongli},
    volume = {5000},
    doi = {10.1080/00405000.2013.835902},
    keywords = {cell culture surface, electrospinning, embryonic stem cell, fi brous mats, zein}
}

@article{Bowman2010EnhancedModels,
    title = {{Enhanced modeling via network theory: Adaptive sampling of markov state models}},
    year = {2010},
    journal = {Journal of Chemical Theory and Computation},
    author = {Bowman, Gregory R. and Ensign, Daniel L. and Pande, Vijay S.},
    number = {3},
    pages = {787--794},
    volume = {6},
    doi = {10.1021/ct900620b},
    issn = {15499618},
    pmid = {23626502}
}

@article{MayErrorEstimation,
    title = {{Error bounds for dynamical spectral estimation}},
    author = {May, N A},
    pages = {1--33},
    arxivId = {arXiv:2005.02248v1},
    keywords = {1, 60j35, 65c05, 65n30, ams subject classifications, an essential goal in, chanics, computational statistical me-, conformation dynamics, functions that, introduction, markov state models, rayleigh-ritz method, simulation studies is identifying, transition operator}
}

@article{Laio2002EscapingMinima,
    title = {{Escaping free-energy minima}},
    year = {2002},
    author = {Laio, Alessandro and Parrinello, Michele}
}

@article{Pande2010EverythingAsk,
    title = {{Everything you wanted to know about Markov State Models but were afraid to ask}},
    year = {2010},
    journal = {Methods},
    author = {Pande, Vijay S and Beauchamp, Kyle and Bowman, Gregory R},
    number = {1},
    pages = {99--105},
    volume = {52},
    publisher = {Elsevier Inc.},
    url = {http://dx.doi.org/10.1016/j.ymeth.2010.06.002},
    doi = {10.1016/j.ymeth.2010.06.002},
    issn = {1046-2023}
}

@article{WilkinsonExpansionTransplantation,
    title = {{expansion allows nonconditioned transplantation}},
    journal = {Nature},
    author = {Wilkinson, Adam C and Ishida, Reiko and Kikuchi, Misako and Sudo, Kazuhiro and Morita, Maiko and Crisostomo, Ralph Valentine and Yamamoto, Ryo and Loh, Kyle M and Nakamura, Yukio and Watanabe, Motoo and Nakauchi, Hiromitsu and Yamazaki, Satoshi},
    publisher = {Springer US},
    url = {http://dx.doi.org/10.1038/s41586-019-1244-x},
    doi = {10.1038/s41586-019-1244-x},
    issn = {1476-4687}
}

@article{Narayanan2012ExploringMixing,
    title = {{Exploring the energy landscape of nucleic acid hairpins using laser temperature-jump and microfluidic mixing}},
    year = {2012},
    journal = {Journal of the American Chemical Society},
    author = {Narayanan, Ranjani and Zhu, Li and Velmurugu, Yogambigai and Roca, Jorjethe and Kuznetsov, Serguei V. and Prehna, Gerd and Lapidus, Lisa J. and Ansari, Anjum},
    number = {46},
    pages = {18952--18963},
    volume = {134},
    doi = {10.1021/ja301218e},
    issn = {00027863}
}

@article{Schmitt2013ExploringSurface,
    title = {{Exploring the mechanisms of DNA hybridization on a surface}},
    year = {2013},
    journal = {Journal of Chemical Physics},
    author = {Schmitt, Terry J. and Rogers, J. Brandon and Knotts IV, Thomas A.},
    number = {3},
    volume = {138},
    doi = {10.1063/1.4775480},
    issn = {00219606}
}

@article{Finn2019ExtensiveOrganization,
    title = {{Extensive Heterogeneity and Intrinsic Variation in Spatial Genome Organization Article Extensive Heterogeneity and Intrinsic Variation in Spatial Genome Organization}},
    year = {2019},
    author = {Finn, Elizabeth H and Pegoraro, Gianluca and Dekker, Job and Mirny, Leonid and Misteli, Tom and Valton, Anne-laure and Oomen, Marlies E and Dekker, Job and Mirny, Leonid and Misteli, Tom},
    pages = {1502--1515},
    doi = {10.1016/j.cell.2019.01.020}
}

@article{Xiao-qing2012FabricationScaffold,
    title = {{Fabrication , Crosslinking and in vitro Biocompatibility of a Novel Degradable Nano-structure Urethral Tubular Scaffold}},
    year = {2012},
    author = {Xiao-qing, Wang and Qi-hui, Chen and Yu-chuan, H O U and Zhi-hua, L U and Jing-hai, H U and Hai-feng, Zhang},
    number = {50973043},
    pages = {912--915},
    volume = {28},
    keywords = {-05-912-04, 2012, article id 1005-9040, crosslinking, degradable, electrospin, lactic-co-glycolic acid, poly, urethral scaffold}
}

@article{Weinan2005Finite,
    title = {{Finite Temperature String Method for the Study of Rare Events †}},
    year = {2005},
    author = {Weinan, E and Ren, Weiqing and Vanden-eijnden, Eric},
    pages = {6688--6693},
    doi = {10.1021/jp0455430}
}

@article{Rothemund2006FoldingPatterns,
    title = {{Folding DNA to create nanoscale shapes and patterns}},
    year = {2006},
    journal = {Nature},
    author = {Rothemund, Paul W.K.},
    number = {7082},
    pages = {297--302},
    volume = {440},
    doi = {10.1038/nature04586},
    issn = {00280836},
    pmid = {16541064}
}

@article{AllenForwardSimulations,
    title = {{Forward Flux Sampling for rare event simulations}},
    author = {Allen, Rosalind J and Valeriani, Chantal and Rein, Pieter},
    pages = {1--40},
    arxivId = {arXiv:0906.4758v2}
}

@article{Segler2018GeneratingNetworks,
    title = {{Generating Focused Molecule Libraries for Drug Discovery with Recurrent Neural Networks}},
    year = {2018},
    author = {Segler, Marwin H S and Kogej, Thierry and Tyrchan, Christian and Waller, Mark P},
    doi = {10.1021/acscentsci.7b00512}
}

@article{Kienle2018GraftingBrushes,
    title = {{Grafting Density Impacts Local Nanoscale Hydrophobicity in Poly(ethylene glycol) Brushes}},
    year = {2018},
    author = {Kienle, Daniel F and Kaar, Joel L and Schwartz, Daniel K},
    pages = {4--9},
    doi = {10.1021/acsmacrolett.8b00004}
}

@article{Xie2019GraphMaterials,
    title = {{Graph dynamical networks for unsupervised learning of atomic scale dynamics in materials}},
    year = {2019},
    journal = {Nature Communications},
    author = {Xie, Tian and France-Lanord, Arthur and Wang, Yanming and Shao-Horn, Yang and Grossman, Jeffrey C.},
    number = {1},
    volume = {10},
    publisher = {Springer US},
    url = {http://dx.doi.org/10.1038/s41467-019-10663-6},
    isbn = {4146701910},
    doi = {10.1038/s41467-019-10663-6},
    issn = {20411723},
    arxivId = {1902.06836}
}

@article{Kirchdoerfer2020HaltingPolymerase,
    title = {{Halting coronavirus polymerase}},
    year = {2020},
    journal = {Journal of Biological Chemistry},
    author = {Kirchdoerfer, Robert N.},
    number = {15},
    pages = {4780--4781},
    volume = {295},
    doi = {10.1074/jbc.H120.013397},
    issn = {1083351X}
}

@article{Limoli2015HHSAccess,
    title = {{HHS Public Access}},
    year = {2015},
    author = {Limoli, Dominique H and Jones, Christopher J and Wozniak, Daniel J and Cruz, Santa},
    number = {3},
    pages = {1--30},
    volume = {3},
    doi = {10.1128/microbiolspec.MB-0011-2014.Bacterial}
}

@article{Lynn2018HHSAccess,
    title = {{HHS Public Access}},
    year = {2018},
    author = {Lynn, Geoffrey M and Laga, Richard and Darrah, Patricia A and Ishizuka, Andrew S and Balaci, Alexandra J and Dulcey, Andrés E and Pechar, Michal and Pola, Robert and Gerner, Michael Y and Yamamoto, Ayako and Buechler, Connor R and Quinn, Kylie M and Smelkinson, Margery G and Cawood, Ryan and Hills, Thomas and Vasalatiy, Olga and Kastenmuller, Kathrin and Joseph, R and Stutts, Lalisa and Tom, Janine K and Ryu, Keun Ah and Esser-kahn, Aaron P and Fisher, Kerry D and Seymour, Leonard W and Seder, Robert A},
    number = {11},
    pages = {1201--1210},
    volume = {33},
    doi = {10.1038/nbt.3371.In}
}

@article{Https://www.overleaf.com/project/5e820b28d741e00001b1ccac1,
    title = {{https://www.overleaf.com/project/5e820b28d741e00001b1ccac 1}},
    pages = {1--33}
}

@article{Villanueva-flores2019IRelease,
    title = {{I F E S sciences for life Poly ( vinyl alcohol co-vinyl acetate ) as a novel scaffold for mammalian cell culture and controlled drug release}},
    year = {2019},
    author = {Villanueva-flores, Francisca and Miranda-herna, Margarita and Porras-sanjuanico, Alberto},
    pages = {7867--7882},
    isbn = {1085301903402},
    doi = {10.1007/s10853-019-03402-1}
}

@article{Manna2018ImmunomodulationRupture,
    title = {{Immunomodulation of the NLRP3 Inflammasome through Structure-Based Activator Design and Functional Regulation via Lysosomal Rupture}},
    year = {2018},
    journal = {ACS Central Science},
    author = {Manna, Saikat and Howitz, William J and Oldenhuis, Nathan J and Eldredge, Alexander C and Shen, Jingjing and Nihesh, Fnu Naorem and Lodoen, Melissa B and Guan, Zhibin and Esser-kahn, Aaron P},
    pages = {982--995},
    volume = {4},
    publisher = {American Chemical Society},
    doi = {10.1021/acscentsci.8b00218},
    issn = {2374-7943}
}

@article{Selling2007ImpactFibers,
    title = {{Impact of solvent on electrospinning of zein and analysis of resulting fibers}},
    year = {2007},
    journal = {Macromolecular Chemistry and Physics},
    author = {Selling, Gordon W. and Biswas, Atanu and Patel, Alpa and Walls, Dennis J. and Dunlap, Christopher and Wei, Yen},
    number = {9},
    pages = {1002--1010},
    volume = {208},
    isbn = {1022-1352},
    doi = {10.1002/macp.200700056},
    issn = {10221352},
    keywords = {Birefringence, Electrospinning, Fibers, Orientation, Zein}
}

@article{Senior1988InfluenceDuplexes,
    title = {{Influence of Dangling Thymidine Residues on the Stability and Structure of Two DNA Duplexes}},
    year = {1988},
    journal = {Biochemistry},
    author = {Senior, Mary and Jones, Roger A. and Breslauer, Kenneth J.},
    number = {10},
    pages = {3879--3885},
    volume = {27},
    doi = {10.1021/bi00410a053},
    issn = {15204995}
}

@article{Ferreira2014InfluenceDistribution,
    title = {{Influence of Electrospinning Parameters on Poly ( hydroxybutyrate ) Electrospun Membranes Fiber Size and Distribution}},
    year = {2014},
    author = {Ferreira, C C and Botelho, Gabriela and Correia, Daniela M and Ribeiro, Clarisse},
    doi = {10.1002/pen}
}

@article{Chang2011InteractionsStudy,
    title = {{Interactions of a Cationic Antimicrobial ( {$\epsilon$} -Polylysine ) with an Anionic Biopolymer ( Pectin ): An Isothermal Titration Calorimetry , Microelectrophoresis , and Turbidity Study}},
    year = {2011},
    author = {Chang, Yuhua and Mclandsborough, Lynne and Mcclements, David Julian},
    pages = {5579--5588},
    doi = {10.1021/jf104299q},
    keywords = {interaction, isothermal titration calorimetry, itc, microelectrophoresis, pectin, {$\epsilon$} -polylysine}
}

@article{Acevedo2018InternationalProduction,
    title = {{International Journal of Biological Macromolecules Bacterial polyhydroxybutyrate for electrospun fiber production}},
    year = {2018},
    journal = {International Journal of Biological Macromolecules},
    author = {Acevedo, Francisca and Villegas, Pamela and Urtuvia, Viviana and Hermosilla, Jeyson and Navia, Rodrigo and Seeger, Michael},
    pages = {692--697},
    volume = {106},
    publisher = {Elsevier B.V.},
    url = {https://doi.org/10.1016/j.ijbiomac.2017.08.066},
    doi = {10.1016/j.ijbiomac.2017.08.066},
    issn = {0141-8130}
}

@article{Sanhueza2019InternationalScaffolds,
    title = {{International Journal of Biological Macromolecules Polyhydroxyalkanoates as biomaterial for electrospun scaffolds}},
    year = {2019},
    journal = {International Journal of Biological Macromolecules},
    author = {Sanhueza, Claudia and Acevedo, Francisca and Rocha, Sebastian and Villegas, Pamela and Seeger, Michael and Navia, Rodrigo},
    pages = {102--110},
    volume = {124},
    publisher = {Elsevier B.V.},
    url = {https://doi.org/10.1016/j.ijbiomac.2018.11.068},
    doi = {10.1016/j.ijbiomac.2018.11.068},
    issn = {0141-8130},
    keywords = {Bacterial polyhydroxyalkanoates, Electrospinning, Fibers, Scaffolds, Tissue engineering, bacterial polyhydroxyalkanoates}
}

@article{Kumar2017InternationalReview,
    title = {{International Journal of Polymeric Materials and PVA-based hydrogels for tissue engineering : A review}},
    year = {2017},
    journal = {International Journal of Polymeric Materials and Polymeric Biomaterials},
    author = {Kumar, Anuj and Han, Sung Soo},
    number = {4},
    pages = {159--182},
    volume = {66},
    publisher = {Taylor {\&} Francis},
    url = {http://dx.doi.org/10.1080/00914037.2016.1190930},
    doi = {10.1080/00914037.2016.1190930},
    issn = {0091-4037},
    keywords = {Cells, PVA, cells, crosslinking, hydrogels, scaffolds, tissue engineering}
}

@article{Wang2018IntrinsicallyArray,
    title = {{intrinsically stretchable transistor array}},
    year = {2018},
    journal = {Nature Publishing Group},
    author = {Wang, Sihong and Xu, Jie and Wang, Weichen and Wang, Ging-ji Nathan and Rastak, Reza and Molina-lopez, Francisco and Chung, Jong Won and Niu, Simiao and Feig, Vivian R and Lopez, Jeffery and Lei, Ting and Kwon, Soon-ki and Kim, Yeongin and Foudeh, Amir M and Ehrlich, Anatol and Gasperini, Andrea and Yun, Youngjun and Murmann, Boris and Tok, Jeffery B and Bao, Zhenan},
    number = {7694},
    pages = {83--88},
    volume = {555},
    publisher = {Nature Publishing Group},
    url = {http://dx.doi.org/10.1038/nature25494},
    doi = {10.1038/nature25494},
    issn = {0028-0836}
}

@article{Kadokawa2013IonicChitin,
    title = {{Ionic Liquid as Useful Media for Dissolution , Derivatization , and Nanomaterial Processing of Chitin}},
    year = {2013},
    author = {Kadokawa, Jun-ichi},
    number = {May},
    pages = {19--25},
    volume = {2013},
    doi = {10.4236/gsc.2013.32A003},
    keywords = {chitin, composite material, derivatization, ionic liquid, nanofiber}
}

@article{Muppalaneni2013JournalPerspective,
    title = {{Journal of Developing Drugs Polyvinyl Alcohol in Medicine and Pharmacy : A Perspective}},
    year = {2013},
    author = {Muppalaneni, Srinath and Omidian, Hossein},
    number = {3},
    volume = {2},
    doi = {10.4172/2329-6631.1000112},
    keywords = {Biomedical use, Cryogel, Hydrogel, Pharmaceutical use, Polyvinyl alcohol, cryogel, hydrogel, pharmaceutical, polyvinyl alcohol}
}

@misc{KerasGithub.Com,
    title = {{Keras @ Github.Com}},
    url = {https://github.com/fchollet/keras}
}

@article{Yin2011KineticsHybridization,
    title = {{Kinetics and dynamics of DNA hybridization}},
    year = {2011},
    journal = {Accounts of Chemical Research},
    author = {Yin, Yandong and Zhao, Xin Sheng},
    number = {11},
    pages = {1172--1181},
    volume = {44},
    doi = {10.1021/ar200068j},
    issn = {00014842}
}

@article{Wetmur1968KineticsDNA,
    title = {{Kinetics of renaturation of DNA}},
    year = {1968},
    journal = {Journal of Molecular Biology},
    author = {Wetmur, James G. and Davidson, Norman},
    number = {3},
    pages = {349--370},
    volume = {31},
    doi = {10.1016/0022-2836(68)90414-2},
    issn = {00222836},
    pmid = {5637197}
}

@article{Harrigan2017LandmarkDynamics,
    title = {{Landmark Kernel tICA for Conformational Dynamics}},
    year = {2017},
    author = {Harrigan, Matthew P and Pande, Vijay S},
    number = {c}
}

@article{Menssen2019Length-DependentSpectroscopy,
    title = {{Length-Dependent Melting Kinetics of Short DNA Oligonucleotides Using Temperature-Jump IR Spectroscopy}},
    year = {2019},
    author = {Menssen, Ryan J and Tokmako, Andrei},
    doi = {10.1021/acs.jpcb.8b09487}
}

@article{Ohmichi2002LongStability,
    title = {{Long RNA Dangling End Has Large Energetic Contribution to Duplex Stability}},
    year = {2002},
    author = {Ohmichi, Tatsuo and Nakano, Shu-ichi and Miyoshi, Daisuke and Sugimoto, Naoki},
    number = {17},
    pages = {10367--10372},
    doi = {10.1021/ja0255406}
}

@article{FergusonMachineEngineering,
    title = {{Machine learning and data science in soft materials engineering}},
    author = {Ferguson, Andrew L},
    publisher = {IOP Publishing}
}

@article{Thurston2018MachineABSTRACT,
    title = {{Machine learning and molecular design of self- assembling -conjugated oligopeptides ABSTRACT}},
    year = {2018},
    journal = {Molecular Simulation},
    author = {Thurston, Bryce A and Ferguson, Andrew L and Thurston, Bryce A and Ferguson, Andrew L},
    number = {May},
    pages = {1--16},
    volume = {7022},
    publisher = {Taylor {\&} Francis},
    url = {https://doi.org/10.1080/08927022.2018.1469754},
    doi = {10.1080/08927022.2018.1469754},
    issn = {0892-7022},
    keywords = {{$\pi$} -conjugated oligopeptides}
}

@article{Noe2020MachineSimulation,
    title = {{Machine Learning for Molecular Simulation}},
    year = {2020},
    journal = {Annual Review of Physical Chemistry},
    author = {No{\'{e}}, Frank and Tkatchenko, Alexandre and M{\"{u}}ller, Klaus-Robert and Clementi, Cecilia},
    number = {1},
    pages = {361--390},
    volume = {71},
    doi = {10.1146/annurev-physchem-042018-052331},
    issn = {0066-426X},
    arxivId = {1911.02792},
    keywords = {coarse graining, kinetics, machine learning, mechanics, molecular simulation, neural networks, quantum}
}

@article{Lee2016MappingLearning,
    title = {{Mapping membrane activity in undiscovered peptide sequence space using machine learning}},
    year = {2016},
    author = {Lee, Ernest Y and Fulan, Benjamin M and Wong, Gerard C L and Ferguson, Andrew L},
    number = {48},
    volume = {113},
    doi = {10.1073/pnas.1609893113}
}

@article{Phys2018MarkovValidation,
    title = {{Markov models of molecular kinetics : Generation and validation Markov models of molecular kinetics : Generation and validation}},
    year = {2018},
    author = {Phys, J Chem and Prinz, Jan-hendrik and Wu, Hao and Sarich, Marco and Keller, Bettina and Senne, Martin and Held, Martin and Chodera, John D and Sch{\"{u}}tte, Christof and No{\'{e}}, Frank and Prinz, Jan-hendrik and Wu, Hao and Sarich, Marco and Keller, Bettina and Senne, Martin and Held, Martin and Chodera, John D and Sch{\"{u}}tte, Christof and No{\'{e}}, Frank},
    number = {August 2010},
    volume = {174105},
    doi = {10.1063/1.3565032}
}

@article{Husic2018MarkovScience,
    title = {{Markov State Models : From an Art to a Science}},
    year = {2018},
    author = {Husic, Brooke E and Pande, Vijay S},
    doi = {10.1021/jacs.7b12191}
}

@article{Nuske2017MarkovBias,
    title = {{Markov state models from short non-equilibrium simulations - Analysis and correction of estimation bias}},
    year = {2017},
    journal = {Journal of Chemical Physics},
    author = {N{\"{u}}ske, Feliks and Wu, Hao and Prinz, Jan Hendrik and Wehmeyer, Christoph and Clementi, Cecilia and No{\'{e}}, Frank},
    number = {9},
    volume = {146},
    url = {http://dx.doi.org/10.1063/1.4976518},
    doi = {10.1063/1.4976518},
    issn = {00219606},
    arxivId = {1701.01665}
}

@article{McGibbon2015MDTraj:Trajectories,
    title = {{MDTraj: A Modern Open Library for the Analysis of Molecular Dynamics Trajectories}},
    year = {2015},
    journal = {Biophysical Journal},
    author = {McGibbon, Robert T. and Beauchamp, Kyle A. and Harrigan, Matthew P. and Klein, Christoph and Swails, Jason M. and Hern{\'{a}}ndez, Carlos X. and Schwantes, Christian R. and Wang, Lee Ping and Lane, Thomas J. and Pande, Vijay S.},
    number = {8},
    pages = {1528--1532},
    volume = {109},
    doi = {10.1016/j.bpj.2015.08.015},
    issn = {15420086},
    pmid = {26488642}
}

@article{Sridhar1991MeasurementSolutions,
    title = {{Measurement of extensional viscosity of polymer solutions}},
    year = {1991},
    journal = {Journal of Non-Newtonian Fluid Mechanics},
    author = {Sridhar, T. and Tirtaatmadja, V. and Nguyen, D. A. and Gupta, R. K.},
    number = {3},
    pages = {271--280},
    volume = {40},
    isbn = {0377-0257},
    doi = {10.1016/0377-0257(91)87012-M},
    issn = {03770257},
    keywords = {extensional viscosity, filament stretching, polyisobutylene, polymer solutions, stress growth}
}

@article{Chen2019MeasuringMethod,
    title = {{Measuring DNA Hybridization Kinetics in Live Cells Using a Time-Resolved 3D Single-Molecule Tracking Method}},
    year = {2019},
    journal = {Journal of the American Chemical Society},
    author = {Chen, Yuan I. and Chang, Yin Jui and Nguyen, Trung Duc and Liu, Cong and Phillion, Stephanie and Kuo, Yu An and Vu, Huong T. and Liu, Angela and Liu, Yen Liang and Hong, Soonwoo and Ren, Pengyu and Yankeelov, Thomas E. and Yeh, Hsin Chih},
    number = {40},
    pages = {15747--15750},
    volume = {141},
    doi = {10.1021/jacs.9b08036},
    issn = {15205126}
}

@article{Mohaptra2016MechanicallyUltrasound,
    title = {{Mechanically controlled radical polymerization initiated by ultrasound}},
    year = {2016},
    author = {Mohaptra, Hemakesh and Kleiman, Maya},
    number = {October},
    doi = {10.1038/nchem.2633}
}

@book{Bankar2018MicrobialAttention,
    title = {{Microbial Polyamino Acids : An Overview for Commercial Attention}},
    year = {2018},
    booktitle = {Role of Materials Science in Food Bioengineering},
    author = {Bankar, Sandip B and Nimbalkar, Pranhita R and Chavan, Prakash V and Singhal, Rekha S},
    pages = {0},
    publisher = {Elsevier Inc.},
    url = {http://dx.doi.org/10.1016/B978-0-12-811448-3/00012-7},
    isbn = {9780128114483},
    doi = {10.1016/B978-0-12-811448-3/00012-7},
    keywords = {biopolymer, cyanophycin, poly-ɛ-lysine, poly-{$\gamma$}-glutamic acid, polyamino acids}
}

@article{Shih2006MicrobialApplications,
    title = {{Microbial synthesis of poly ( e -lysine ) and its various applications}},
    year = {2006},
    author = {Shih, Ing-lung and Shen, Ming-haw},
    pages = {1148--1159},
    volume = {97},
    doi = {10.1016/j.biortech.2004.08.012},
    keywords = {e -pl, industrial application, microbial production, poly- e -lysine}
}

@article{Puppi2016MicrostructuredScaffolds,
    title = {{Microstructured chitosan / poly ( {$\gamma$} -glutamic acid ) polyelectrolyte complex hydrogels by computer-aided wet-spinning for biomedical three-dimensional scaffolds}},
    year = {2016},
    author = {Puppi, Dario and Morelli, Andrea and Bartoli, Cristina and Pasini, Dario},
    number = {August},
    doi = {10.1177/0883911516631355}
}

@article{Cudjoe2017MiscanthusNanocrystals,
    title = {{Miscanthus Giganteus : A commercially viable sustainable source of cellulose nanocrystals}},
    year = {2017},
    journal = {Carbohydrate Polymers},
    author = {Cudjoe, Elvis and Hunsen, Mo and Xue, Zhaojun and Way, Amanda E and Barrios, Elizabeth and Olson, Rebecca A and Hore, Michael J A and Rowan, Stuart J},
    pages = {230--241},
    volume = {155},
    publisher = {Elsevier Ltd.},
    url = {http://dx.doi.org/10.1016/j.carbpol.2016.08.049},
    doi = {10.1016/j.carbpol.2016.08.049},
    issn = {0144-8617}
}

@article{Maiti2019Mitigation,
    title = {{Mitigation of Hydrophobicity-Induced Immunotoxicity by Sugar Poly ( orthoesters ) Mitigation of Hydrophobicity-Induced Immunotoxicity by Sugar Poly ( orthoesters )}},
    year = {2019},
    author = {Maiti, Sampa and Manna, Saikat and Shen, Jingjing and Esser-kahn, Aaron P and Du, Wenjun},
    doi = {10.1021/jacs.8b12205}
}

@article{Porschke1974ModelReaction,
    title = {{Model calculations on the kinetics of oligonucleotide double helix coil transitions. Evidence for a fast chain sliding reaction}},
    year = {1974},
    journal = {Biophysical Chemistry},
    author = {P{\"{o}}rschke, Dietmar},
    number = {2},
    pages = {83--96},
    volume = {2},
    doi = {10.1016/0301-4622(74)80028-1},
    issn = {03014622}
}

@article{Schwantes2015ModelingTrick,
    title = {{Modeling Molecular Kinetics with tICA and the Kernel Trick}},
    year = {2015},
    author = {Schwantes, Christian R and Pande, Vijay S},
    doi = {10.1021/ct5007357}
}

@article{ChicagoMolecularSimulation,
    title = {{Molecular / Materials Modelling I Module III – Monte Carlo Simulation}},
    author = {Chicago, U and Kofke, D}
}

@article{Samantray2020MolecularNetworks,
    title = {{Molecular dynamics simulations of protein aggregation : protocols for simulation setup and analysis with Markov state models and transition networks}},
    year = {2020},
    author = {Samantray, Suman and Schumann, Wibke and Illig, Alexander-maurice and Paul, Arghadwip},
    pages = {1--34},
    keywords = {amyloid aggregation, amyloid oligomers, md simulations, transition networks}
}

@article{Chen2018MolecularExploration,
    title = {{Molecular Enhanced Sampling with Autoencoders : On-The- Fly Collective Variable Discovery and Accelerated Free Energy Landscape Exploration}},
    year = {2018},
    author = {Chen, Wei and Ferguson, Andrew L},
    pages = {2079--2102},
    doi = {10.1002/jcc.25520}
}

@article{Chen2018MolecularExplorationb,
    title = {{Molecular Enhanced Sampling with Autoencoders : On-The- Fly Collective Variable Discovery and Accelerated Free Energy Landscape Exploration}},
    year = {2018},
    author = {Chen, Wei and Ferguson, Andrew L},
    pages = {2079--2102},
    doi = {10.1002/jcc.25520}
}

@article{Wu2017MolecularChains,
    title = {{molecular interlocked chains}},
    year = {2017},
    author = {Wu, Qiong and Rauscher, Phillip M and Lang, Xiaolong and Wojtecki, Rudy J and Pablo, Juan J De and Hore, Michael J A and Rowan, Stuart J},
    number = {December},
    pages = {1434--1439},
    volume = {1}
}

@article{Hoefert2011MolecularOligonucleotides,
    title = {{Molecular pathways in DNA-DNA hybridization of surface-bound oligonucleotides}},
    year = {2011},
    journal = {Soft Matter},
    author = {Hoefert, Moritz Julian and Sambriski, Edward John and Jos{\'{e}} De Pablo, Juan},
    number = {2},
    pages = {560--566},
    volume = {7},
    doi = {10.1039/c0sm00729c},
    issn = {1744683X},
    keywords = {transition}
}

@misc{Adleman1994MolecularProblems.pdf,
    title = {{Molecular solution to computational problems.pdf}},
    year = {1994},
    booktitle = {Science},
    author = {Adleman, Leonard},
    pages = {1021--1024},
    volume = {266}
}

@article{Schneider1978Molecular-dynamicsTransitions,
    title = {{Molecular-dynamics study of a three-dimensional one-component model for distortive phase transitions}},
    year = {1978},
    journal = {Physical Review B},
    author = {Schneider, T. and Stoll, E.},
    number = {3},
    pages = {1302--1322},
    volume = {17},
    doi = {10.1103/PhysRevB.17.1302},
    issn = {01631829}
}

@article{Patel2017MorphologyPolymer,
    title = {{Morphology controls the thermoelectric power factor of a doped semiconducting polymer}},
    year = {2017},
    author = {Patel, Shrayesh N and Glaudell, Anne M and Peterson, Kelly A and Thomas, Elayne M and Hara, Kathryn A O and Lim, Eunhee and Chabinyc, Michael L},
    number = {June},
    pages = {24--26}
}

@article{Wang2012NanoscaleElectronics,
    title = {{Nanoscale Triboelectric-E ff ect-Enabled Energy Conversion for Sustainably Powering Portable Electronics}},
    year = {2012},
    author = {Wang, Sihong and Lin, Long and Wang, Zhong Lin},
    doi = {10.1021/nl303573d},
    keywords = {4 toward wireless, and multifunction desperately needs, development of independent and, devices 1, energy harvesting, lithium ion battery, maintenance-free power, portability, rapid expansion of electronic, self-powered system, the, triboelectric nanogenerator}
}

@article{Loyer2014NaturalNanoca,
    title = {{Natural and synthetic poly ( malic acid ) -based derivates : a family of versatile biopolymers for the design of drug nanocarriers Natural and synthetic poly ( malic acid ) -based derivates : a family of versatile biopolymers for the design of drug nanoca}},
    year = {2014},
    author = {Loyer, Pascal and Cammas-marion, Sandrine and Loyer, Pascal and Cammas-marion, Sandrine},
    volume = {2330},
    doi = {10.3109/1061186X.2014.936871},
    keywords = {degradable polymers, drug, drug delivery systems, malic acid, nanoparticles, poly, polymer conjugates, targeting}
}

@article{Allawi1998NearestDNA,
    title = {{Nearest neighbor thermodynamic parameters for internal G{\textperiodcentered}A mismatches in DNA}},
    year = {1998},
    journal = {Biochemistry},
    author = {Allawi, Hatim T. and SantaLucia, John},
    number = {8},
    pages = {2170--2179},
    volume = {37},
    doi = {10.1021/bi9724873},
    issn = {00062960}
}

@article{Gomez2018Nitrogen-dopedPaclitaxel,
    title = {{Nitrogen-doped Carbon Nanodots for bioimaging and delivery of paclitaxel}},
    year = {2018},
    journal = {Journal of Materials Chemistry B},
    author = {Gomez, I. Jennifer and Arnaiz, Blanca and Cacioppo, Michele and Arcudi, Francesca and Prato, Maurizio},
    number = {35},
    pages = {5664--5670},
    volume = {6},
    doi = {10.1039/x0xx00000x},
    issn = {2050750X}
}

@article{2018NoTitle,
    title = {{No Title}},
    year = {2018},
    number = {December}
}

@article{Chen2010NovelDisintegration,
    title = {{Novel chitosan-pectin composite membranes with enhanced strength, hydrophilicity and controllable disintegration}},
    year = {2010},
    journal = {Carbohydrate Polymers},
    author = {Chen, Po Hui and Kuo, Ting Yun and Kuo, Jen Yuan and Tseng, Yen Po and Wang, Da Ming and Lai, Juin Yih and Hsieh, Hsyue Jen},
    number = {4},
    pages = {1236--1242},
    volume = {82},
    publisher = {Elsevier Ltd.},
    url = {http://dx.doi.org/10.1016/j.carbpol.2010.06.057},
    isbn = {0144-8617},
    doi = {10.1016/j.carbpol.2010.06.057},
    issn = {01448617},
    keywords = {Chitosan, Disintegration, Ionic crosslinking, Pectin, Polyelectrolyte complex (PEC)}
}

@article{Lin2018NovelBeef,
    title = {{Novel electrospun gelatin-glycerin- {$\epsilon$} -Poly-lysine nano fi bers for controlling Listeria monocytogenes on beef}},
    year = {2018},
    journal = {Food Packaging and Shelf Life},
    author = {Lin, Lin and Gu, Yulei and Cui, Haiying},
    number = {July},
    pages = {21--30},
    volume = {18},
    publisher = {Elsevier},
    url = {https://doi.org/10.1016/j.fpsl.2018.08.004},
    doi = {10.1016/j.fpsl.2018.08.004},
    issn = {2214-2894},
    keywords = {Beef, Food packaging, Gelatin-glycerin-{$\epsilon$}-Poly-lysine nanofibers, Listeria monocytogenes, Mechanical properties, fi bers, gelatin-glycerin- {$\epsilon$} -poly-lysine nano, mechanical properties}
}

@article{Pietrucci2018NovelStructures,
    title = {{Novel Enhanced Sampling Strategies for Transitions Between Ordered and Disordered Structures}},
    year = {2018},
    journal = {Handbook of Materials Modeling},
    author = {Pietrucci, Fabio},
    pages = {1--23},
    isbn = {9783319429137},
    doi = {10.1007/978-3-319-42913-7{\_}51-1}
}

@article{Supaphol2008OnRevisit,
    title = {{On the Electrospinning of Poly ( vinyl alcohol ) Nanofiber Mats : A Revisit}},
    year = {2008},
    author = {Supaphol, Pitt and Chuangchote, Surawut},
    doi = {10.1002/app},
    keywords = {electrospinning, nanofibers, poly, vinyl alcohol}
}

@article{Aasland1988OptimalProbes,
    title = {{Optimal Conditions for Hybridization A Study with myc-Oncogene with Oligonucleotides : DNA Probes}},
    year = {1988},
    author = {Aasland, Rein},
    pages = {193--202},
    volume = {202},
    keywords = {dna melting, hybridization, nucleic acids, oligonucleotide synthesis, slot blot}
}

@article{Koltai2018OptimalDynamics,
    title = {{Optimal Data-Driven Estimation of Generalized Markov State Models for Non-Equilibrium Dynamics}},
    year = {2018},
    author = {Koltai, Péter},
    pages = {1--23},
    doi = {10.3390/computation6010022},
    keywords = {coherent set, extended dynamic mode decomposition, koopman operator, markov state model, metastability, molecular dynamics, non-equilibrium, transfer operator}
}

@article{Amiri2018OptimizationDiameter,
    title = {{Optimization of Chitosan-Gelatin Nanofibers Production : Investigating the Effect of Solution Properties and Working Parameters on Fibers Diameter}},
    year = {2018},
    author = {Amiri, Nafise and Rozbeh, Zohreh and Afrough, Toktam and Abolghasem, Sayyed and Tabassi, Sajadi and Moradi, Ali},
    pages = {778--789},
    publisher = {BioNanoScience},
    keywords = {Electrospinning,Chitosan,Gelatin,Nanofibrous membr, aqueous solvent, chitosan, electrospinning, gelatin, nanofibrous membrane}
}

@article{Husic2016OptimizedFolding,
    title = {{Optimized parameter selection reveals trends in Markov state models for protein folding}},
    year = {2016},
    journal = {Journal of Chemical Physics},
    author = {Husic, Brooke E. and McGibbon, Robert T. and Sultan, Mohammad M. and Pande, Vijay S.},
    number = {19},
    pages = {1--8},
    volume = {145},
    url = {http://dx.doi.org/10.1063/1.4967809},
    doi = {10.1063/1.4967809},
    issn = {00219606}
}

@article{Manuscript2014OptimizingHybridization,
    title = {{Optimizing the specificity of nucleic acid hybridization}},
    year = {2014},
    author = {Manuscript, Author},
    number = {3},
    pages = {208--214},
    volume = {4},
    doi = {10.1038/nchem.1246.Optimizing}
}

@article{Moomand2014OxidativeBres,
    title = {{Oxidative stability of encapsulated fi sh oil in electrospun zein fi bres}},
    year = {2014},
    journal = {FRIN},
    author = {Moomand, Khalid and Lim, Loong-tak},
    pages = {523--532},
    volume = {62},
    publisher = {Elsevier Ltd},
    url = {http://dx.doi.org/10.1016/j.foodres.2014.03.054},
    doi = {10.1016/j.foodres.2014.03.054},
    issn = {0963-9969},
    keywords = {ATR–FTIR, Electrospinning, FOX assay, Omega-3, Oxidation, Zein}
}

@article{Bazan2012PhageImmunotherapy,
    title = {{Phage display — A powerful technique for immunotherapy}},
    year = {2012},
    author = {Bazan, Justyna and Ca{\l}kosi{\'{n}}ski, Ireneusz and Gamian, Andrzej},
    number = {December},
    pages = {1817--1828},
    keywords = {antibody libraries, autoimmune diseases, effective molecular diversity techniques, immune-diagnostics, is, neurological disorders, on a direct linkage, one of the most, phage display, this technology is based, transfusion medicine, tumor targeting}
}

@article{BussiPLUMED,
    title = {{PLUMED}},
    author = {Bussi, Giovanni and Tribello, Gareth A},
    pages = {1--48},
    arxivId = {arXiv:1812.08213v1},
    keywords = {collective variables, enhanced sampling, free energy, plumed, replica exchange, wham}
}

@article{Ng2016PolyelectrolyteEngineering,
    title = {{Polyelectrolyte gelatin-chitosan hydrogel optimized for 3D bioprinting in skin tissue engineering}},
    year = {2016},
    author = {Ng, Wei Long and Yeong, Wai Yee and Naing, May Win},
    keywords = {2015, 3d printing, 50 nanyang avenue, accepted, additive manufacturing, aerospace engineering, bioprinting, correspondence to, december 17, december 29, edu, email, nanyang technological university, ntu, october 22, printing, published online, rapid prototyping, received, sc3dp, school of mechanical and, sg, singapore, singapore 639798, singapore centre for 3d, skin tissue engineering, wai yee yeong, wyyeong}
}

@book{GutiPolymersApplications,
    title = {{Polymers for Food Applications}},
    author = {Guti, Tomy J},
    isbn = {9783319946245}
}

@article{Della2019PolysaccharideScaffolds,
    title = {{Polysaccharide hydrogels for multiscale 3D printing of pullulan scaffolds}},
    year = {2019},
    journal = {Materials {\&} Design},
    author = {Della, Gioia and Gandin, Alessandro and Brigo, Laura and Panciera, Tito and Giulitti, Stefano and Sgarbossa, Paolo and Alessandro, Delfo D and Trombi, Luisa and Danti, Serena and Brusatin, Giovanna},
    pages = {107566},
    volume = {165},
    publisher = {The Author(s)},
    url = {https://doi.org/10.1016/j.matdes.2018.107566},
    doi = {10.1016/j.matdes.2018.107566},
    issn = {0264-1275},
    keywords = {3D printing, Biomaterials, Hydrogel, Mesenchymal stromal cells, Polysaccharide, Pullulan, Two photon laser lithography}
}

@article{Chang2020PotentialDocking,
    title = {{Potential therapeutic agents for COVID-19 based on the analysis of protease and RNA polymerase docking}},
    year = {2020},
    journal = {Virology Journal},
    author = {Chang, Yu-chuan and Tung, Yi-an and Lee, Ko-han and Chen, Ting-fu and Hsiao, Yu-chun and Chang, Ching and Hsieh, Tsung-ting and Su, Chan-hung and Wang, Su-shia and Yu, Jheng-ying and Lin, Yu-hsiang and Lin, Yin-hung and Tu, Yi-chin Ethan and Tung, Chun-wei},
    number = {February},
    pages = {1--7},
    doi = {10.20944/preprints202002.0242.v1}
}

@article{Breslauert1986PredictingSequence,
    title = {{Predicting DNA duplex stability from the base sequence}},
    year = {1986},
    author = {Breslauert, Kenneth J and Franks, Ronald and Blockers, Helmut and Markyt, Luis A},
    number = {June},
    pages = {3746--3750},
    volume = {83}
}

@article{Zhang2018PredictingSequence,
    title = {{Predicting DNA hybridization kinetics from sequence}},
    year = {2018},
    journal = {Nature Chemistry},
    author = {Zhang, Jinny X. and Fang, John Z. and Duan, Wei and Wu, Lucia R. and Zhang, Angela W. and Dalchau, Neil and Yordanov, Boyan and Petersen, Rasmus and Phillips, Andrew and Zhang, David Yu},
    number = {1},
    pages = {91--98},
    volume = {10},
    publisher = {Nature Publishing Group},
    url = {http://dx.doi.org/10.1038/nchem.2877},
    doi = {10.1038/NCHEM.2877},
    issn = {17554349}
}

@article{Pinamonti2017PredictingModels,
    title = {{Predicting the Kinetics of RNA Oligonucleotides Using Markov State Models}},
    year = {2017},
    journal = {Journal of Chemical Theory and Computation},
    author = {Pinamonti, Giovanni and Zhao, Jianbo and Condon, David E. and Paul, Fabian and No{\`{e}}, Frank and Turner, Douglas H. and Bussi, Giovanni},
    number = {2},
    pages = {926--934},
    volume = {13},
    doi = {10.1021/acs.jctc.6b00982},
    issn = {15499626},
    arxivId = {1612.07470}
}

@article{Ko2007PreparationMembranes,
    title = {{Preparation and Evaluation of Poly ( {$\gamma$} -glutamic acid ) -Based Anti-Adhesion Membranes}},
    year = {2007},
    author = {Ko, Young-gwang and Yoon, Kwan Han and Park, Chung and Sung, Moon-hee and Kwon, Oh Kyoung and Ahn, Chang Hyun and Kim, Young-jin and Kwon, Oh Hyeong},
    pages = {225--228},
    doi = {10.4028/www.scientific.net/KEM.342-343.225},
    keywords = {abstract, adhesion, and plga with different, anti-adhesion membrane, based nanofiber sheets were, electrospinning, electrospinning technique to evaluate, nanofiber, poly, prepared by using, prepared from poly, prevention of postoperative tissue, the ability of the, the anti-adhesion membranes were, {$\gamma$} -glutamic acid, {$\gamma$} -pga}
}

@article{Fengxia2012PreparationMembranes,
    title = {{Preparation and Mechanical Properties of Zein / PVA Nanofibrous Membranes}},
    year = {2012},
    author = {Fengxia, Liu and Yongjia, Liu and Hongli, Cai and Jiashuang, Luan and Mei, Zhang},
    pages = {391--395},
    doi = {10.4028/www.scientific.net/AMR.466-467.391},
    keywords = {abstract, based fibrous membranes, characterized by, dsc, due to adding pva, fibers of zein can, from the results, it was found that, mechanical properties, morphology and mechanical properties, of novel electrospun zein, pva, sem, strong membrane, the electrospun, the fibrous membranes were, this paper describes the, turn into a new, zein}
}

@article{Yang2019PreparationOxidation,
    title = {{Preparation of cellulose nano fi bers from Miscanthus x . Giganteus by ammonium persulfate oxidation}},
    year = {2019},
    journal = {Carbohydrate Polymers},
    author = {Yang, Han and Zhang, Yefei and Kato, Ryo and Rowan, Stuart J},
    number = {February},
    pages = {30--39},
    volume = {212},
    publisher = {Elsevier},
    url = {https://doi.org/10.1016/j.carbpol.2019.02.008},
    doi = {10.1016/j.carbpol.2019.02.008},
    issn = {0144-8617},
    keywords = {Cellulose nanocrystals, Cellulose nanofibers, Miscanthus x. Giganteus, Nanocellulose, Nanocomposites}
}

@article{Haweel2008PreparationMaterial,
    title = {{Preparation of Polyvinyl Alcohol from Local Raw Material}},
    year = {2008},
    author = {Haweel, Cecelia K and Ammar, Saad H},
    number = {1},
    pages = {15--21},
    volume = {9},
    keywords = {alcoholysis reaction, coagulation, polyvinyl acetate emulsion, polyvinyl alcohol}
}

@article{Wu2018ProcessingMicrostructures,
    title = {{Processing and Properties of Chitosan Inks for 3D Printing of Hydrogel Microstructures}},
    year = {2018},
    journal = {ACS Biomaterials Science {\&} Engineering},
    author = {Wu, Qinghua and Therriault, Daniel and Heuzey, Marie-claude},
    pages = {2643--2652},
    volume = {4},
    publisher = {American Chemical Society},
    doi = {10.1021/acsbiomaterials.8b00415},
    issn = {2373-9878},
    keywords = {additive manufacturing, chitosan, high strength, hydrogel, microstructures}
}

@article{Shah2019ProgrammingFingerprinting,
    title = {{Programming Temporal DNA Barcodes for Single-Molecule Fingerprinting}},
    year = {2019},
    journal = {Nano Letters},
    author = {Shah, Shalin and Dubey, Abhishek K. and Reif, John},
    number = {4},
    pages = {2668--2673},
    volume = {19},
    doi = {10.1021/acs.nanolett.9b00590},
    issn = {15306992},
    keywords = {DNA barcodes, DNA kinetics, TIRF, nanoscale fingerprinting, single-molecule imaging, temporal patterns}
}

@article{Shah2019ProgrammingFingerprintingb,
    title = {{Programming Temporal DNA Barcodes for Single-Molecule Fingerprinting}},
    year = {2019},
    journal = {Nano Letters},
    author = {Shah, Shalin and Dubey, Abhishek K. and Reif, John},
    number = {4},
    pages = {2668--2673},
    volume = {19},
    doi = {10.1021/acs.nanolett.9b00590},
    issn = {15306992},
    keywords = {DNA barcodes, DNA kinetics, TIRF, nanoscale fingerprinting, single-molecule imaging, temporal patterns}
}

@article{Phys2013ProjectedMolecules,
    title = {{Projected and hidden Markov models for calculating kinetics and metastable states of complex molecules}},
    year = {2013},
    author = {Phys, J Chem},
    number = {September},
    volume = {184114},
    doi = {10.1063/1.4828816}
}

@article{Ricotti2012ProliferationScaffolds,
    title = {{Proliferation and skeletal myotube formation capability of C2C12 and H9c2 cells on isotropic and anisotropic electrospun nanofibrous PHB scaffolds}},
    year = {2012},
    author = {Ricotti, Leonardo and Taccola, Silvia and Ricotti, Leonardo and Polini, Alessandro and Genchi, Giada G and Ciofani, Gianni and Iandolo, Donata and Vaz, Helena and Mattoli, Virgilio},
    doi = {10.1088/1748-6041/7/3/035010}
}

@article{Fink1998ProteinAmyloid,
    title = {{Protein aggregation : folding aggregates , inclusion bodies and amyloid}},
    year = {1998},
    author = {Fink, Anthony L},
    pages = {9--23}
}

@article{Scherer2015PyEMMAModels,
    title = {{PyEMMA 2: A Software Package for Estimation, Validation, and Analysis of Markov Models}},
    year = {2015},
    author = {Scherer, Martin K and Trendelkamp-schroer, Benjamin and Paul, Fabian and Pe, Guillermo and Ho, Moritz and Plattner, Nuria and Wehmeyer, Christoph and Prinz, Jan-hendrik and Noe, Frank},
    doi = {10.1021/acs.jctc.5b00743}
}

@article{Perez2010Real-timeUnfolding,
    title = {{Real-time atomistic description of DNA unfolding}},
    year = {2010},
    journal = {Angewandte Chemie - International Edition},
    author = {Perez, Alberto and Orozco, Modesto},
    number = {28},
    pages = {4805--4808},
    volume = {49},
    doi = {10.1002/anie.201000593},
    issn = {14337851},
    keywords = {Conformation analysis, DNA, Molecular dynamics, Unfolding}
}

@article{Jammalamadaka2018RecentEngineering,
    title = {{Recent Advances in Biomaterials for 3D Printing and Tissue Engineering}},
    year = {2018},
    author = {Jammalamadaka, Udayabhanu and Tappa, Karthik},
    doi = {10.3390/jfb9010022},
    keywords = {additive manufacturing, bioinks, biomaterials, bioprinting, ceramics, composites, polymers, three-dimensional printing, tissue engineering}
}

@article{Shen2018RecurrentSites,
    title = {{Recurrent Neural Network for Predicting Transcription Factor Binding Sites}},
    year = {2018},
    journal = {Scientific Reports},
    author = {Shen, Zhen and Bao, Wenzheng and Huang, De Shuang},
    number = {1},
    pages = {1--10},
    volume = {8},
    publisher = {Springer US},
    url = {http://dx.doi.org/10.1038/s41598-018-33321-1},
    doi = {10.1038/s41598-018-33321-1},
    issn = {20452322}
}

@article{Wang2020RemdesivirTrial,
    title = {{Remdesivir in adults with severe COVID-19: a randomised, double-blind, placebo-controlled, multicentre trial}},
    year = {2020},
    journal = {The Lancet},
    author = {Wang, Yeming and Zhang, Dingyu and Du, Guanhua and Du, Ronghui and Zhao, Jianping and Jin, Yang and Fu, Shouzhi and Gao, Ling and Cheng, Zhenshun and Lu, Qiaofa and Hu, Yi and Luo, Guangwei and Wang, Ke and Lu, Yang and Li, Huadong and Wang, Shuzhen and Ruan, Shunan and Yang, Chengqing and Mei, Chunlin and Wang, Yi and Ding, Dan and Wu, Feng and Tang, Xin and Ye, Xianzhi and Ye, Yingchun and Liu, Bing and Yang, Jie and Yin, Wen and Wang, Aili and Fan, Guohui and Zhou, Fei and Liu, Zhibo and Gu, Xiaoying and Xu, Jiuyang and Shang, Lianhan and Zhang, Yi and Cao, Lianjun and Guo, Tingting and Wan, Yan and Qin, Hong and Jiang, Yushen and Jaki, Thomas and Hayden, Frederick G and Horby, Peter W and Cao, Bin and Wang, Chen},
    number = {0},
    pages = {1569--1578},
    volume = {0},
    publisher = {Elsevier Ltd},
    url = {https://linkinghub.elsevier.com/retrieve/pii/S0140673620310229},
    doi = {10.1016/S0140-6736(20)31022-9},
    issn = {01406736}
}

@article{OordRepresentationCoding,
    title = {{Representation Learning with Contrastive Predictive Coding}},
    author = {Oord, Aaron Van Den},
    arxivId = {arXiv:1807.03748v2}
}

@article{Nieuwland2014ReprintProteins,
    title = {{Reprint of "food-grade electrospinning of proteins"}},
    year = {2014},
    journal = {Innovative Food Science and Emerging Technologies},
    author = {Nieuwland, M. and Geerdink, P. and Brier, P. and Van Den Eijnden, P. and Henket, Jolanda T.M.M. and Langelaan, Marloes L.P. and Stroeks, Niki and Van Deventer, Henk C. and Martin, Anneke H.},
    pages = {138--144},
    volume = {24},
    publisher = {Elsevier Ltd},
    url = {http://dx.doi.org/10.1016/j.ifset.2013.09.004},
    isbn = {1466-8564},
    doi = {10.1016/j.ifset.2014.07.006},
    issn = {14668564},
    keywords = {Carrier, Electrospinning, Food-grade, Gelatin, Proteins}
}

@misc{ResolveMgetit.lib.umich.edu,
    title = {{resolve @ mgetit.lib.umich.edu}},
    url = {https://mgetit.lib.umich.edu/resolve?url_ver=Z39.88-2004&url_ctx_fmt=info:ofi/fmt:kev:mtx:ctx&rft.atitle=Review+of+the+oral+toxicity+of+polyvinyl+alcohol+%2528PVA%2529&rft.aufirst=CC&rft.aulast=DeMerlis&rft.date=2003&rft_id=info:doi/10.1016%252FS0278-6915%252802%25}
}

@article{Ferguson2012ResourceDesign,
    title = {{Resource Translating HIV Sequences into Quantitative Fitness Landscapes Predicts Viral Vulnerabilities for Rational Immunogen Design}},
    year = {2012},
    journal = {Immunity},
    author = {Ferguson, Andrew L and Mann, Jaclyn K and Omarjee, Saleha and Ndung, Thumbi and Walker, Bruce D},
    number = {3},
    pages = {606--617},
    volume = {38},
    publisher = {Elsevier Inc.},
    url = {http://dx.doi.org/10.1016/j.immuni.2012.11.022},
    doi = {10.1016/j.immuni.2012.11.022},
    issn = {1074-7613}
}

@article{Butler2018ReviewScience,
    title = {{Review Machine learning for molecular and materials science}},
    year = {2018},
    journal = {Nature},
    author = {Butler, Keith T and Daniel, W},
    publisher = {Springer US},
    url = {http://dx.doi.org/10.1038/s41586-018-0337-2},
    doi = {10.1038/s41586-018-0337-2},
    issn = {1476-4687}
}

@article{ReviewPVA,
    title = {{Review of the oral toxicity of PVA}},
    url = {https://mgetit.lib.umich.edu/resolve?url_ver=Z39.88-2004&url_ctx_fmt=info:ofi/fmt:kev:mtx:ctx&rft.atitle=Review+of+the+oral+toxicity+of+polyvinyl+alcohol+%2528PVA%2529&rft.aufirst=CC&rft.aulast=DeMerlis&rft.date=2003&rft_id=info:doi/10.1016%252FS0278-6915%252802%25}
}

@article{Pietrucci2017ReviewsAhead,
    title = {{Reviews in Physics Strategies for the exploration of free energy landscapes : Unity in diversity and challenges ahead}},
    year = {2017},
    journal = {Reviews in Physics},
    author = {Pietrucci, Fabio},
    pages = {32--45},
    volume = {2},
    publisher = {Elsevier B.V.},
    url = {https://doi.org/10.1016/j.revip.2017.05.001},
    doi = {10.1016/j.revip.2017.05.001},
    issn = {2405-4283},
    keywords = {Activated processes,Rare events,Free energy landsc}
}

@misc{S0379677913000374,
    title = {{S0379677913000374}}
}

@misc{S03796779130003741,
    title = {{S0379677913000374 (1)}}
}

@misc{S1046202312003106,
    title = {{S1046202312003106}}
}

@article{Morrison1993SensitiveSolution,
    title = {{Sensitive Fluorescence-Based Thermodynamic and Kinetic Measurements of DNA Hybridization in Solution}},
    year = {1993},
    journal = {Biochemistry},
    author = {Morrison, Larry E. and Stols, Lucy M.},
    number = {12},
    pages = {3095--3104},
    volume = {32},
    doi = {10.1021/bi00063a022},
    issn = {15204995},
    pmid = {8457571}
}

@article{Morrison1993SensitiveSolutionb,
    title = {{Sensitive Fluorescence-Based Thermodynamic and Kinetic Measurements of DNA Hybridization in Solution}},
    year = {1993},
    journal = {Biochemistry},
    author = {Morrison, Larry E. and Stols, Lucy M.},
    number = {12},
    pages = {3095--3104},
    volume = {32},
    doi = {10.1021/bi00063a022},
    issn = {15204995},
    pmid = {8457571}
}

@article{Tomasula2016Short1,
    title = {{Short communication: Electrospinning of casein/pullulan blends for food-grade applications 1}},
    year = {2016},
    journal = {Journal of Dairy Science},
    author = {Tomasula, P.M. and Sousa, A.M.M. and Liou, S.-C. and Li, R. and Bonnaillie, L.M. and Liu, L.S.},
    number = {3},
    pages = {1837--1845},
    volume = {99},
    url = {http://linkinghub.elsevier.com/retrieve/pii/S0022030216000758},
    doi = {10.3168/jds.2015-10374},
    issn = {00220302},
    pmid = {26805973}
}

@article{LeeSnail-likeBers,
    title = {{Snail-like Particles from Compartmentalized Microfi bers}},
    author = {Lee, Jaemin and Park, Tae-hong and Lee, Kyung Jin and Lahann, Joerg},
    pages = {73--78}
}

@article{Editors2017SpecialPolymers,
    title = {{Special Issue : Structure , Properties and Applications of Thermoelectric Polymers Anisotropies and the thermoelectric properties of semiconducting polymers}},
    year = {2017},
    author = {Editors, Guest and Bryan, Prof and Purdue, W Boudouris and Shannon, Prof and Georgia, K Yee and Gordon, Madeleine P and Zaia, Edmond W and Zhou, Preston and Russ, Boris and Coates, Nelson E and Sahu, Ayaskanta and Urban, Jeffrey J and Fang, Haiyu and Popere, Bhooshan C and Thomas, Elayne M and Mai, Cheng-kang and Chang, William B and Bazan, Guillermo C and Michael, L and Patel, Shrayesh N and Chabinyc, Michael L},
    doi = {10.1002/app.44456},
    keywords = {10, 1002, 44403, accepted 22 august 2016, app, conducting polymers, doi, morphology, nanostructured polymers, received 1 july 2016}
}

@article{Intercellular2016StickyThe,
    title = {{Sticky Matrix : Adhesion Mechanism of the}},
    year = {2016},
    author = {Intercellular, Staphylococcal Polysaccharide},
    doi = {10.1021/acsnano.5b07515},
    keywords = {1, 2 bacterial, adhesion forces, and industry, atomic force microscopy, bio fi lm matrix, bio fi lms on, cells in a bio, fi lm produce a, he formation of microbial, major relevance to medicine, matrix of extracellular, polysaccharide intercellular adhesin, staphylococcus aureus, surfaces is of}
}

@article{Michal2016Stimuli-ResponsivePolymer,
    title = {{Stimuli-Responsive Reversible Two-Level Adhesion from a Structurally Dynamic Shape-Memory Polymer}},
    year = {2016},
    author = {Michal, Brian T and Spencer, Emily J and Rowan, Stuart J},
    doi = {10.1021/acsami.6b01251},
    keywords = {adhesive, disul fi des, dynamic network, reversible, shape memory}
}

@article{Ferron2017StructuralRNA,
    title = {{Structural and molecular basis of mismatch correction and ribavirin excision from coronavirus RNA}},
    year = {2017},
    journal = {Proceedings of the National Academy of Sciences of the United States of America},
    author = {Ferron, François and Subissi, Lorenzo and De Morais, Ana Theresa Silveira and Le, Nhung Thi Tuyet and Sevajol, Marion and Gluais, Laure and Decroly, Etienne and Vonrhein, Clemens and Bricogne, Gérard and Canard, Bruno and Imbert, Isabelle},
    number = {2},
    pages = {E162-E171},
    volume = {115},
    doi = {10.1073/pnas.1718806115},
    issn = {10916490},
    pmid = {29279395},
    keywords = {Fold evolution, Proofreading, RNA virus, Ribavirin, Virus replication}
}

@article{Brubaker2018StructuralScission,
    title = {{Structural Remodeling of Polymeric Material via Diffusion Controlled Polymerization and Chain Scission}},
    year = {2018},
    journal = {Chemistry of Materials},
    author = {Brubaker, Kyle S and Kleiman, Maya and Hernandez, Lauren and Bhattacharjee, Arunima and Esser-kahn, Aaron P},
    pages = {8126--8133},
    volume = {30},
    publisher = {American Chemical Society},
    doi = {10.1021/acs.chemmater.8b02293},
    issn = {0897-4756}
}

@article{SchwantesSupplementaryMatrices,
    title = {{Supplementary Information for “ Modeling Molecular Kinetics with tICA and the Kernel Trick ” Maximum Likelihood Estimator for tICA Matrices}},
    author = {Schwantes, Christian R and Pande, Vijay S},
    pages = {1--11}
}

@article{SansteadSupportingSpectroscopy,
    title = {{Supporting Information Sequence dependent mechanism of DNA oligonucleotide dehybridization resolved through infrared spectroscopy}},
    author = {Sanstead, Paul J and Stevenson, Paul and Tokmakoff, Andrei},
    pages = {1--11}
}

@article{ChoiSynthesis,
    title = {{Synthesis and Characterization of pH-Sensitive and Biodegradable Hydrogels Prepared by y Irradiation Using Microbial Poly ( y-glutamic acid ) and Poly ( c-lysine )}},
    author = {Choi, Hyuk Joon and Yanc, Ryunc and Kunioka, Masao},
    pages = {807--814}
}

@article{Ferguson2010SystematicMaps,
    title = {{Systematic determination of order parameters for chain dynamics using diffusion maps}},
    year = {2010},
    journal = {Proceedings of the National Academy of Sciences of the United States of America},
    author = {Ferguson, Andrew L. and Panagiotopoulos, Athanassios Z. and Debenedetti, Pablo G. and Kevrekidis, Ioannis G.},
    number = {31},
    pages = {13597--13602},
    volume = {107},
    isbn = {1003293107},
    doi = {10.1073/pnas.1003293107},
    issn = {00278424}
}

@article{Ferguson2010SystematicMapsb,
    title = {{Systematic determination of order parameters for chain dynamics using diffusion maps}},
    year = {2010},
    journal = {Proceedings of the National Academy of Sciences of the United States of America},
    author = {Ferguson, Andrew L. and Panagiotopoulos, Athanassios Z. and Debenedetti, Pablo G. and Kevrekidis, Ioannis G.},
    number = {31},
    pages = {13597--13602},
    volume = {107},
    isbn = {1003293107},
    doi = {10.1073/pnas.1003293107},
    issn = {00278424}
}

@article{Santalucia2004TM,
    title = {{T t dna s m}},
    year = {2004},
    author = {Santalucia, John and Hicks, Donald},
    doi = {10.1146/annurev.biophys.32.110601.141800},
    keywords = {a variety of molecular, biology techniques, geno-, hybridization, in vitro, nucleic acid folding, oligonucleotides, prediction, role in biology, s abstract dna secondary, secondary structure, selected dna, structure plays an important, typing diagnostics}
}

@article{Funabashi2013TargetedFemtoinjection,
    title = {{Targeted delivery of a decoy oligodeoxynucleotide to a single ES cell by femtoinjection}},
    year = {2013},
    journal = {Nanomedicine: Nanotechnology, Biology, and Medicine},
    author = {Funabashi, Hisakage and Oura, Seitaro and Saito, Mikako and Matsuoka, Hideaki},
    number = {7},
    pages = {855--863},
    volume = {9},
    publisher = {Elsevier Inc.},
    url = {http://dx.doi.org/10.1016/j.nano.2013.03.003},
    doi = {10.1016/j.nano.2013.03.003},
    issn = {1549-9634},
    keywords = {2, 4, 6 in, Decoy oligodeoxynucleotide (ODN), Embryonic Stem cells (ES cells), Femtoinjection, Single cell analysis, cells, cells 3, decoy oligodeoxynucleotide, embryonic stem cells, es cells, femtoinjection, have received considerable attention, in recent years, ips, make use of embryonic, odn, or induced pluripotent stem, regenerative medicine therapies that, single cell analysis, stem cells 1}
}

@article{Abadi2016TensorFlow:Systems,
    title = {{TensorFlow: Large-Scale Machine Learning on Heterogeneous Distributed Systems}},
    year = {2016},
    author = {Abadi, Martín and Agarwal, Ashish and Barham, Paul and Brevdo, Eugene and Chen, Zhifeng and Citro, Craig and Corrado, Greg S. and Davis, Andy and Dean, Jeffrey and Devin, Matthieu and Ghemawat, Sanjay and Goodfellow, Ian and Harp, Andrew and Irving, Geoffrey and Isard, Michael and Jia, Yangqing and Jozefowicz, Rafal and Kaiser, Lukasz and Kudlur, Manjunath and Levenberg, Josh and Mane, Dan and Monga, Rajat and Moore, Sherry and Murray, Derek and Olah, Chris and Schuster, Mike and Shlens, Jonathon and Steiner, Benoit and Sutskever, Ilya and Talwar, Kunal and Tucker, Paul and Vanhoucke, Vincent and Vasudevan, Vijay and Viegas, Fernanda and Vinyals, Oriol and Warden, Pete and Wattenberg, Martin and Wicke, Martin and Yu, Yuan and Zheng, Xiaoqiang},
    url = {http://arxiv.org/abs/1603.04467},
    arxivId = {1603.04467}
}

@article{Schickinger2018TetheredHelices,
    title = {{Tethered multifluorophore motion reveals equilibrium transition kinetics of single DNA double helices}},
    year = {2018},
    author = {Schickinger, Matthias and Zacharias, Martin and Dietz, Hendrik and Schickinger, Matthias and Zacharias, Martin and Dietz, Hendrik},
    number = {39},
    volume = {115},
    doi = {10.1073/pnas.1814449115}
}

@article{Gordon2020TheCoronavirus,
    title = {{The antiviral compound remdesivir potently inhibits RNA-dependent RNA polymerase from Middle East respiratory syndrome coronavirus}},
    year = {2020},
    journal = {Journal of Biological Chemistry},
    author = {Gordon, Calvin J and Tchesnokov, Egor P and Feng, Joy Y. and Porter, Danielle P and Gotte, Matthias},
    pages = {jbc.AC120.013056},
    volume = {295},
    doi = {10.1074/jbc.ac120.013056},
    issn = {0021-9258},
    pmid = {32094225}
}

@article{Bar-on2018TheEarth,
    title = {{The biomass distribution on Earth}},
    year = {2018},
    author = {Bar-on, Yinon M and Phillips, Rob and Milo, Ron},
    doi = {10.1073/pnas.1711842115}
}

@article{Kampeerapappun2016TheProperties,
    title = {{The electrospun polyhydroxybutyrate fibers reinforced with cellulose nanocrystals : Morphology and properties}},
    year = {2016},
    author = {Kampeerapappun, Piyaporn},
    pages = {1--7},
    volume = {43273},
    doi = {10.1002/app.43273},
    keywords = {10, 1002, 43273, accepted 25 november 2015, app, cellulose and other wood, composites, doi, electrospinning, fibers, nanoparticles, nanowires and nanocrystals, products, received 23 july 2015}
}

@article{Wong2008TheSimulations,
    title = {{The pathway of oligomeric DNA melting investigated by molecular dynamics simulations}},
    year = {2008},
    journal = {Biophysical Journal},
    author = {Wong, Ka Yiu and Pettitt, B. Montgomery},
    number = {12},
    pages = {5618--5626},
    volume = {95},
    doi = {10.1529/biophysj.108.141010},
    issn = {15420086}
}

@article{Mosayebi2014TheFormation,
    title = {{The role of loop stacking in the dynamics of DNA hairpin formation}},
    year = {2014},
    journal = {Journal of Physical Chemistry B},
    author = {Mosayebi, Majid and Romano, Flavio and Ouldridge, Thomas E. and Louis, Ard A. and Doye, Jonathan P.K.},
    number = {49},
    pages = {14326--14335},
    volume = {118},
    doi = {10.1021/jp510061f},
    issn = {15205207}
}

@article{Nguyen2019TheoryCations,
    title = {{Theory and simulations for RNA folding in mixtures of monovalent and divalent cations}},
    year = {2019},
    journal = {Proceedings of the National Academy of Sciences of the United States of America},
    author = {Nguyen, Hung T. and Hori, Naoto and Thirumalai, D.},
    number = {42},
    pages = {21022--21030},
    volume = {116},
    isbn = {1911632116},
    doi = {10.1073/pnas.1911632116},
    issn = {10916490},
    pmid = {31570624},
    keywords = {Free energy, Ion preferential interaction coefficients, RNA folding, Reference interaction site model (RISM), Three-interaction site (TIS) model}
}

@article{Iurt1961ThermalT,
    title = {{Thermal Renaturation of Deoxyribonucleic Acids t}},
    year = {1961},
    journal = {Journal of Molecular Biology},
    author = {Iurt, Julius M A R and Doty, Paul},
    number = {5},
    pages = {585--594},
    volume = {3},
    publisher = {Academic Press Inc. (London) Ltd.},
    url = {http://dx.doi.org/10.1016/S0022-2836(61)80023-5},
    doi = {10.1016/S0022-2836(61)80023-5},
    issn = {0022-2836}
}

@article{Dickman2012ThermodynamicDNAs,
    title = {{Thermodynamic contributions of 5’- and 3’-single strand dangling-ends to the stability of short duplex DNAs}},
    year = {2012},
    journal = {Journal of Biophysical Chemistry},
    author = {Dickman, Rebekah and Manyanga, Fidelis and Brewood, Greg P. and Fish, Daniel J. and Fish, Cameron A. and Summers, Charlie and Horne, M. Todd and Benight, Albert S.},
    number = {01},
    pages = {1--15},
    volume = {03},
    doi = {10.4236/jbpc.2012.31001},
    issn = {2153-036X},
    keywords = {dangling-ends, dna thermodynamics}
}

@article{Bommarito2000ThermodynamicEnds,
    title = {{Thermodynamic parameters for DNA sequences with dangling ends}},
    year = {2000},
    journal = {Nucleic Acids Research},
    author = {Bommarito, Salvatore and Peyret, Nicolas and SantaLucia, John},
    number = {9},
    pages = {1929--1934},
    volume = {28},
    doi = {10.1093/nar/28.9.1929},
    issn = {03051048},
    pmid = {10756193}
}

@article{Doktycz1990ThermodynamicATGC,
    title = {{Thermodynamic stability of the 5′ dangling‐ended DNA hairpins formed from sequences 5′‐(XY)2GGATAC(T)4GTATCC‐3′, where X, Y = A,T,G,C}},
    year = {1990},
    journal = {Biopolymers},
    author = {Doktycz, Mitchel J. and Paner, Teodoro M. and Amaratunga, Mohan and Benight, Albert S.},
    number = {7-8},
    pages = {829--845},
    volume = {30},
    doi = {10.1002/bip.360300718},
    issn = {10970282}
}

@article{Chen2019ThermodynamicsOptimization,
    title = {{Thermodynamics and kinetics guided probe design for uniformly sensitive and specific DNA hybridization without optimization}},
    year = {2019},
    journal = {Nature Communications},
    author = {Chen, Xin and Liu, Na and Liu, Liquan and Chen, Wei and Chen, Na and Lin, Meng and Xu, Jiaju and Zhou, Xing and Wang, Hongbo and Zhao, Meiping and Xiao, Xianjin},
    number = {1},
    pages = {1--12},
    volume = {10},
    publisher = {Springer US},
    url = {http://dx.doi.org/10.1038/s41467-019-12593-9},
    doi = {10.1038/s41467-019-12593-9},
    issn = {20411723},
    pmid = {31611572}
}

@article{Engineering2017Three-DimensionalDiffusion,
    title = {{Three-Dimensional Tracking of Interfacial Hopping Diffusion}},
    year = {2017},
    author = {Engineering, Biological},
    number = {December},
    pages = {1--6},
    volume = {268001},
    doi = {10.1103/PhysRevLett.119.268001}
}

@article{Sultan2017TICA-Metadynamics:Variables,
    title = {{TICA-Metadynamics: Accelerating Metadynamics by Using Kinetically Selected Collective Variables}},
    year = {2017},
    journal = {Journal of Chemical Theory and Computation},
    author = {Sultan, Mohammad M. and Pande, Vijay S.},
    number = {6},
    pages = {2440--2447},
    volume = {13},
    doi = {10.1021/acs.jctc.7b00182},
    issn = {15499626},
    pmid = {28383914}
}

@book{Lipfert2014UnderstandingInteractions,
    title = {{Understanding Nucleic Acid–Ion Interactions}},
    year = {2014},
    booktitle = {Annual Review of Biochemistry},
    author = {Lipfert, Jan and Doniach, Sebastian and Das, Rhiju and Herschlag, Daniel},
    number = {1},
    pages = {813--841},
    volume = {83},
    isbn = {0604090927},
    doi = {10.1146/annurev-biochem-060409-092720},
    issn = {0066-4154},
    keywords = {boltzmann, condensation, dna, electrostatics, free energy, hill equation, ions, manning, poisson, rna}
}

@article{Mardt2018VAMPnetsKinetics,
    title = {{VAMPnets for deep learning of molecular kinetics}},
    year = {2018},
    journal = {Nature Communications},
    author = {Mardt, Andreas and Pasquali, Luca and Wu, Hao and No{\'{e}}, Frank},
    number = {1},
    pages = {1--11},
    volume = {9},
    publisher = {Springer US},
    url = {http://dx.doi.org/10.1038/s41467-017-02388-1},
    doi = {10.1038/s41467-017-02388-1},
    issn = {20411723},
    pmid = {29295994}
}

@article{WuVariationalData,
    title = {{Variational approach for learning Markov processes from time series data}},
    author = {Wu, Hao},
    number = {Dmd},
    pages = {1--30},
    arxivId = {arXiv:1707.04659v2}
}

@article{Wu2020VariationalData,
    title = {{Variational Approach for Learning Markov Processes from Time Series Data}},
    year = {2020},
    journal = {Journal of Nonlinear Science},
    author = {Wu, Hao and No{\'{e}}, Frank},
    number = {1},
    pages = {23--66},
    volume = {30},
    doi = {10.1007/s00332-019-09567-y},
    issn = {14321467},
    arxivId = {1707.04659},
    keywords = {Data-driven methods, Koopman operator, Markov process, Variational approach}
}

@article{Nu2014VariationalKinetics,
    title = {{Variational Approach to Molecular Kinetics}},
    year = {2014},
    author = {Nu, Feliks and Keller, Bettina G and Pe, Guillermo and Mey, Antonia S J S and Noe, Frank},
    doi = {10.1021/ct4009156}
}

@article{McGibbon2015VariationalKinetics,
    title = {{Variational cross-validation of slow dynamical modes in molecular kinetics}},
    year = {2015},
    journal = {Journal of Chemical Physics},
    author = {McGibbon, Robert T. and Pande, Vijay S.},
    number = {12},
    volume = {142},
    url = {http://dx.doi.org/10.1063/1.4916292},
    doi = {10.1063/1.4916292},
    issn = {00219606},
    arxivId = {1407.8083}
}

@misc{Wehmeyer2019.pdf,
    title = {{Wehmeyer, Noe [livejournal PyEmma tutorial] (2019).pdf}}
}

@article{MhatreV.HoJi-AnnLee2012NIHAccess,
    title = {{基因的改变NIH Public Access}},
    year = {2012},
    journal = {Bone},
    author = {Mhatre V. Ho, Ji-Ann Lee, and Kelsey C. Martin},
    number = {1},
    pages = {1--7},
    volume = {23},
    url = {https://www.ncbi.nlm.nih.gov/pmc/articles/PMC3624763/pdf/nihms412728.pdf},
    isbn = {6176321972},
    doi = {10.1038/jid.2014.371},
    issn = {15378276},
    pmid = {1000000221},
    arxivId = {NIHMS150003},
    keywords = {epiblast, gfp fusion, histone h2b-, icm, lineage specification, live imaging, mouse blastocyst, pdgfr {$\alpha$}, primitive endoderm}
}