%% This BibTeX bibliography file was created using BibDesk.
%% http://bibdesk.sourceforge.net/

%% Created for Andrew Ferguson at 2020-11-23 14:49:15 -0600 


%% Saved with string encoding Unicode (UTF-8) 



@article{Phys2019,
	author = {Phys, J Chem and Sanstead, Paul J and Tokmakoff, Andrei},
	doi = {10.1063/1.5092526},
	number = {February},
	title = {{A lattice model for the interpretation of oligonucleotide hybridization experiments A lattice model for the interpretation of oligonucleotide hybridization experiments}},
	url = {http://dx.doi.org/10.1063/1.5092526},
	volume = {185104},
	year = {2019},
	Bdsk-Url-1 = {http://dx.doi.org/10.1063/1.5092526}}

@article{Barducci2011,
	author = {Barducci, Alessandro and Bonomi, Massimiliano and Parrinello, Michele},
	doi = {10.1002/wcms.31},
	number = {October},
	pages = {826--843},
	title = {{Alessandro Barducci, Massimiliano Bonomi and Michele Parrinello ∗}},
	volume = {1},
	year = {2011},
	Bdsk-Url-1 = {https://doi.org/10.1002/wcms.31}}

@article{Hinckley2015,
	author = {Hinckley, Daniel M and Pablo, Juan J De},
	doi = {10.1021/acs.jctc.5b00341},
	title = {{Coarse-Grained Ions for Nucleic Acid Modeling}},
	year = {2015},
	Bdsk-Url-1 = {https://doi.org/10.1021/acs.jctc.5b00341}}

@article{Phys2014,
	author = {Phys, J Chem and Hinckley, Daniel M and Lequieu, Joshua P and Pablo, Juan J De},
	doi = {10.1063/1.4886336},
	number = {June},
	title = {{Coarse-grained modeling of DNA oligomer hybridization : Length , sequence , and salt effects}},
	url = {http://dx.doi.org/10.1063/1.4886336},
	volume = {035102},
	year = {2014},
	Bdsk-Url-1 = {http://dx.doi.org/10.1063/1.4886336}}

@article{Markegard2015,
	author = {Markegard, Cade B. and Fu, Iris W. and Reddy, K. Anki and Nguyen, Hung D.},
	doi = {10.1021/jp509857k},
	issn = {15205215},
	journal = {Journal of Physical Chemistry A},
	number = {5},
	pages = {1823--1834},
	title = {{Coarse-grained simulation study of sequence effects on DNA hybridization in a concentrated environment}},
	volume = {119},
	year = {2015},
	Bdsk-Url-1 = {https://doi.org/10.1021/jp509857k}}

@article{Shmilovich,
	author = {Shmilovich, Kirill and Mansbach, Rachael A and Sidky, Hythem and Dunne, Olivia E and Panda, Sayak Subhra and Tovar, John D and Ferguson, Andrew L},
	pages = {1--53},
	title = {{Discovery of Self-Assembling {$\pi$} -Conjugated Peptides by Active Learning-Directed Coarse-Grained Molecular Simulation}}}

@article{Markegard2016,
	author = {Markegard, Cade B and Gallivan, Cameron P and Cheng, Darrell D and Nguyen, Hung D},
	doi = {10.1021/acs.jpcb.6b03937},
	number = {Figure 1},
	title = {{E ff ects of Concentration and Temperature on DNA Hybridization by Two Closely Related Sequences via Large-Scale Coarse-Grained Simulations}},
	year = {2016},
	Bdsk-Url-1 = {https://doi.org/10.1021/acs.jpcb.6b03937}}

@article{Markegard2016b,
	author = {Markegard, Cade B. and Gallivan, Cameron P. and Cheng, Darrell D. and Nguyen, Hung D.},
	doi = {10.1021/acs.jpcb.6b03937},
	issn = {15205207},
	journal = {Journal of Physical Chemistry B},
	number = {32},
	pages = {7795--7806},
	title = {{Effects of Concentration and Temperature on DNA Hybridization by Two Closely Related Sequences via Large-Scale Coarse-Grained Simulations}},
	volume = {120},
	year = {2016},
	Bdsk-Url-1 = {https://doi.org/10.1021/acs.jpcb.6b03937}}

@article{Kick2012,
	author = {Kick, Alfred and B{\"{o}}nsch, Martin and Mertig, Michael},
	doi = {10.1186/1471-2105-13-138},
	issn = {14712105},
	journal = {BMC Bioinformatics},
	keywords = {DNA computing, DNA origami, DNA sequence design algorithm, Hairpin, Polymerase chain reaction (PCR), Single nucleotide polymorphism (SNP), Single-base extension (SBE), stem-and-loop structure},
	number = {1},
	title = {{EGNAS: an exhaustive DNA sequence design algorithm}},
	volume = {13},
	year = {2012},
	Bdsk-Url-1 = {https://doi.org/10.1186/1471-2105-13-138}}

@article{Xiao2019,
	author = {Xiao, Shiyan and Sharpe, Daniel J. and Chakraborty, Debayan and Wales, David J.},
	doi = {10.1021/acs.jpclett.9b02356},
	issn = {19487185},
	journal = {Journal of Physical Chemistry Letters},
	number = {21},
	pages = {6771--6779},
	title = {{Energy Landscapes and Hybridization Pathways for DNA Hexamer Duplexes}},
	volume = {10},
	year = {2019},
	Bdsk-Url-1 = {https://doi.org/10.1021/acs.jpclett.9b02356}}

@article{Laio2002,
	author = {Laio, Alessandro and Parrinello, Michele},
	title = {{Escaping free-energy minima}},
	year = {2002}}

@article{Sidky,
	arxivid = {arXiv:1906.04890v1},
	author = {Sidky, Hythem and Chen, Wei and Ferguson, Andrew L},
	pages = {1--13},
	title = {{High-resolution Markov state models for the dynamics of Trp-cage miniprotein constructed over slow folding modes identified by state-free reversible VAMPnets}}}

@article{Shah2019,
	author = {Shah, Shalin and Dubey, Abhishek K. and Reif, John},
	doi = {10.1021/acssynbio.9b00010},
	issn = {21615063},
	journal = {ACS Synthetic Biology},
	keywords = {DNA barcodes, DNA hybridization, continuous-time Markov chain, machine learning, optical multiplexing, single-molecule imaging},
	number = {5},
	pages = {1100--1111},
	pmid = {30951289},
	title = {{Improved Optical Multiplexing with Temporal DNA Barcodes}},
	volume = {8},
	year = {2019},
	Bdsk-Url-1 = {https://doi.org/10.1021/acssynbio.9b00010}}

@article{Bui2018,
	author = {Bui, Hie and Shah, Shalin and Mokhtar, Reem and Song, Tianqi and Garg, Sudhanshu and Reif, John},
	doi = {10.1021/acsnano.7b06699},
	issn = {1936086X},
	journal = {ACS Nano},
	keywords = {DNA hairpins, DNA nanoscience, DNA self-assembly, dynamic DNA nanotechnology, locality, localized hybridization reactions, structural DNA nanotechnology},
	number = {2},
	pages = {1146--1155},
	title = {{Localized DNA Hybridization Chain Reactions on DNA Origami}},
	volume = {12},
	year = {2018},
	Bdsk-Url-1 = {https://doi.org/10.1021/acsnano.7b06699}}

@article{Jin2019,
	arxivid = {1807.04258},
	author = {Jin, Raymond and Maibaum, Lutz},
	doi = {10.1063/1.5054593},
	issn = {00219606},
	journal = {Journal of Chemical Physics},
	number = {10},
	pmid = {30876357},
	title = {{Mechanisms of DNA hybridization: Transition path analysis of a simulation-informed Markov model}},
	url = {http://dx.doi.org/10.1063/1.5054593},
	volume = {150},
	year = {2019},
	Bdsk-Url-1 = {http://dx.doi.org/10.1063/1.5054593}}

@article{Marini2008,
	author = {Marini, F and Camilloni, C and Provasi, D and Broglia, R A and Tiana, G},
	doi = {10.1016/j.gene.2008.06.003},
	pages = {37--40},
	title = {{Metadynamic sampling of the free-energy landscapes of proteins coupled with a Monte Carlo algorithm}},
	volume = {422},
	year = {2008},
	Bdsk-Url-1 = {https://doi.org/10.1016/j.gene.2008.06.003}}

@article{Sutto2012,
	author = {Sutto, Ludovico and Marsili, Simone and Gervasio, Francesco Luigi},
	doi = {10.1002/wcms.1103},
	number = {October},
	pages = {771--779},
	title = {{New advances in metadynamics}},
	volume = {2},
	year = {2012},
	Bdsk-Url-1 = {https://doi.org/10.1002/wcms.1103}}

@article{Babin2007,
	author = {Babin, Volodymyr and Roland, Christopher and Darden, Thomas A},
	number = {20},
	title = {{NIH Public Access}},
	volume = {125},
	year = {2007}}

@article{Chen,
	arxivid = {arXiv:1902.03336v2},
	author = {Chen, Wei and Sidky, Hythem and Ferguson, Andrew L},
	pages = {1--19},
	title = {{Nonlinear Discovery of Slow Molecular Modes using State-Free Reversible VAMPnets}}}

@article{Laio2003,
	author = {Laio, A and Parrinello, M and Marton, R},
	doi = {10.1103/PhysRevLett.90.075503},
	number = {February},
	pages = {1--4},
	title = {{Predicting Crystal Structures : The Parrinello-Rahman Method Revisited}},
	year = {2003},
	Bdsk-Url-1 = {https://doi.org/10.1103/PhysRevLett.90.075503}}

@article{Pinamonti2017,
	author = {Pinamonti, Giovanni and Zhao, Jianbo and Condon, David E and Paul, Fabian and Noe, Frank and Turner, Douglas H and Bussi, Giovanni},
	doi = {10.1021/acs.jctc.6b00982},
	title = {{Predicting the Kinetics of RNA Oligonucleotides Using Markov State Models}},
	year = {2017},
	Bdsk-Url-1 = {https://doi.org/10.1021/acs.jctc.6b00982}}

@article{Sanstead2016,
	author = {Sanstead, Paul J and Stevenson, Paul and Tokmako, Andrei},
	doi = {10.1021/jacs.6b05854},
	title = {{Sequence-Dependent Mechanism of DNA Oligonucleotide Dehybridization Resolved through Infrared Spectroscopy}},
	year = {2016},
	Bdsk-Url-1 = {https://doi.org/10.1021/jacs.6b05854}}

@article{Angioletti-uberti2010,
	author = {Angioletti-uberti, Stefano and Ceriotti, Michele and Lee, Peter D and Finnis, Mike W},
	doi = {10.1103/PhysRevB.81.125416},
	pages = {1--11},
	title = {{Solid-liquid interface free energy through metadynamics simulations}},
	year = {2010},
	Bdsk-Url-1 = {https://doi.org/10.1103/PhysRevB.81.125416}}

@article{Sambriski2009,
	author = {Sambriski, E. J. and Schwartz, D. C. and De Pablo, J. J.},
	doi = {10.1073/pnas.0912578106},
	issn = {00278424},
	journal = {Proceedings of the National Academy of Sciences of the United States of America},
	number = {49},
	pages = {21007},
	title = {{Uncovering pathways in DNA oligonucleotide hybridization via transition state analysis (Proceedings of the National Academy of Sciences of the United States of America (2009) 106, (18125-18130) DOI: 10.1073/pnas.0904721106)}},
	volume = {106},
	year = {2009},
	Bdsk-Url-1 = {https://doi.org/10.1073/pnas.0912578106}}

@article{Sambriski2009b,
	author = {Sambriski, E J and Schwartz, D C and De Pablo, J J},
	doi = {10.1073/pnas.0912578106},
	issn = {00278424},
	journal = {Proceedings of the National Academy of Sciences of the United States of America},
	number = {49},
	pages = {21007},
	title = {{Uncovering pathways in DNA oligonucleotide hybridization via transition state analysis (Proceedings of the National Academy of Sciences of the United States of America (2009) 106, (18125-18130) DOI: 10.1073/pnas.0904721106)}},
	volume = {106},
	year = {2009},
	Bdsk-Url-1 = {https://doi.org/10.1073/pnas.0912578106}}

@article{Nazionale,
	arxivid = {arXiv:0803.3861v1},
	author = {Nazionale, Istituto and Tor, Roma and Scientifica, Ricerca},
	number = {2},
	pages = {1--4},
	title = {{Well-tempered metadynamics: a smoothly-converging and tunable free-energy method}}}

@misc{062b65c8e5ea347d000c10b830249dc157cde6dfTime.com,
	title = {{062b65c8e5ea347d000c10b830249dc157cde6df @ time.com}},
	url = {https://time.com/5839932/how-remdesivir-works-coronavirus/},
	Bdsk-Url-1 = {https://time.com/5839932/how-remdesivir-works-coronavirus/}}

@article{Lequieu20191CPN:Chromatin,
	author = {Lequieu, Joshua and C{\'{o}}rdoba, Andr{\'e}s and Moller, Joshua and De Pablo, Juan J.},
	doi = {10.1063/1.5092976},
	issn = {00219606},
	journal = {Journal of Chemical Physics},
	number = {21},
	pmid = {31176328},
	title = {{1CPN: A coarse-grained multi-scale model of chromatin}},
	url = {http://dx.doi.org/10.1063/1.5092976},
	volume = {150},
	year = {2019},
	Bdsk-Url-1 = {http://dx.doi.org/10.1063/1.5092976}}

@article{Tian200931PSites,
	author = {Tian, Ye and Kayatta, Michael and Shultis, Katharine and Gonzalez, Alejandro and Mueller, Leonard J. and Hatcher, Mary E.},
	doi = {10.1021/jp711203m},
	issn = {15206106},
	journal = {Journal of Physical Chemistry B},
	number = {9},
	pages = {2596--2603},
	pmid = {18717548},
	title = {{31P NMR investigation of backbone dynamics in DNA binding sites}},
	volume = {113},
	year = {2009},
	Bdsk-Url-1 = {https://doi.org/10.1021/jp711203m}}

@article{Tagami20173DTablets,
	author = {Tagami, Tatsuaki and Fukushige, Kaori and Ogawa, Emi and Hayashi, Naomi and Ozeki, Tetsuya},
	number = {3},
	pages = {357--364},
	title = {{3D Printing Factors Important for the Fabrication of Polyvinylalcohol Filament-Based Tablets}},
	volume = {40},
	year = {2017}}

@article{Liu20173DSolution,
	author = {Liu, Cong and Obliosca, Judy M. and Liu, Yen Liang and Chen, Yu An and Jiang, Ning and Yeh, Hsin Chih},
	doi = {10.1039/c7nr01369h},
	issn = {20403372},
	journal = {Nanoscale},
	number = {17},
	pages = {5664--5670},
	publisher = {Royal Society of Chemistry},
	title = {{3D single-molecule tracking enables direct hybridization kinetics measurement in solution}},
	volume = {9},
	year = {2017},
	Bdsk-Url-1 = {https://doi.org/10.1039/c7nr01369h}}

@article{Korolev2014ACarlo,
	author = {Korolev, Nikolay and Luo, Di and Lyubartsev, Alexander P},
	doi = {10.3390/polym6061655},
	number = {Md},
	pages = {1655--1675},
	title = {{A Coarse-Grained DNA Model Parameterized from Atomistic Simulations by Inverse Monte Carlo}},
	year = {2014},
	Bdsk-Url-1 = {https://doi.org/10.3390/polym6061655}}

@article{Phys2012APlates,
	author = {Phys, J Chem and Ferguson, Andrew L and Giovambattista, Nicol{\'a}s and Rossky, Peter J and Panagiotopoulos, Athanassios Z and Debenedetti, G and Panagiotopoulos, Athanassios Z and Debenedetti, Pablo G},
	doi = {10.1063/1.4755750},
	title = {{A computational investigation of the phase behavior and capillary sublimation of water confined between nanoscale hydrophobic plates sublimation of water confined between nanoscale hydrophobic plates}},
	volume = {144501},
	year = {2012},
	Bdsk-Url-1 = {https://doi.org/10.1063/1.4755750}}

@article{Lequieu2015AEnergies,
	author = {Lequieu, Joshua P. and Hinckley, Daniel M. and De Pablo, Juan J.},
	doi = {10.1039/c4sm02573c},
	issn = {17446848},
	journal = {Soft Matter},
	number = {10},
	pages = {1919--1929},
	pmid = {25611690},
	publisher = {Royal Society of Chemistry},
	title = {{A molecular view of DNA-conjugated nanoparticle association energies}},
	volume = {11},
	year = {2015},
	Bdsk-Url-1 = {https://doi.org/10.1039/c4sm02573c}}

@article{Cordoba2017AIons,
	author = {C{\'{o}}rdoba, Andr{\'e}s and Hinckley, Daniel M. and Lequieu, Joshua and de Pablo, Juan J.},
	doi = {10.1016/j.bpj.2017.02.015},
	issn = {15420086},
	journal = {Biophysical Journal},
	number = {7},
	pages = {1302--1315},
	pmid = {28402874},
	title = {{A Molecular View of the Dynamics of dsDNA Packing Inside Viral Capsids in the Presence of Ions}},
	volume = {112},
	year = {2017},
	Bdsk-Url-1 = {https://doi.org/10.1016/j.bpj.2017.02.015}}

@article{Squires2013ATranslocation,
	author = {Squires, Allison H. and Hersey, Joseph S. and Grinstaff, Mark W. and Meller, Amit},
	doi = {10.1021/ja408685x},
	issn = {00027863},
	journal = {Journal of the American Chemical Society},
	number = {44},
	pages = {16304--16307},
	pmid = {24143914},
	title = {{A nanopore-nanofiber mesh biosensor to control DNA translocation}},
	volume = {135},
	year = {2013},
	Bdsk-Url-1 = {https://doi.org/10.1021/ja408685x}}

@article{Vashisth2016ACharacterization,
	author = {Vashisth, Priya and Nikhil, Kumar and Roy, Partha and Pruthi, Parul A and Singh, Rajesh P and Pruthi, Vikas},
	doi = {10.1016/j.carbpol.2015.09.113},
	issn = {0144-8617},
	journal = {Carbohydrate Polymers},
	pages = {851--859},
	publisher = {Elsevier Ltd.},
	title = {{A novel gellan -- PVA nanofibrous scaffold for skin tissue regeneration : Fabrication and characterization}},
	url = {http://dx.doi.org/10.1016/j.carbpol.2015.09.113},
	volume = {136},
	year = {2016},
	Bdsk-Url-1 = {http://dx.doi.org/10.1016/j.carbpol.2015.09.113}}

@article{Gu2010ALine,
	author = {Gu, Hongzhou and Chao, Jie and Xiao, Shou Jun and Seeman, Nadrian C.},
	doi = {10.1038/nature09026},
	issn = {00280836},
	journal = {Nature},
	number = {7295},
	pages = {202--205},
	publisher = {Nature Publishing Group},
	title = {{A proximity-based programmable DNA nanoscale assembly line}},
	volume = {465},
	year = {2010},
	Bdsk-Url-1 = {https://doi.org/10.1038/nature09026}}

@article{Menachery2015AEmergence,
	author = {Menachery, Vineet D. and Yount, Boyd L. and Debbink, Kari and Agnihothram, Sudhakar and Gralinski, Lisa E. and Plante, Jessica A. and Graham, Rachel L. and Scobey, Trevor and Ge, Xing Yi and Donaldson, Eric F. and Randell, Scott H. and Lanzavecchia, Antonio and Marasco, Wayne A. and Shi, Zhengli Li and Baric, Ralph S.},
	doi = {10.1038/nm.3985},
	issn = {1546170X},
	journal = {Nature Medicine},
	keywords = {coronavirus, covid-19, days, environment, epidemic, experiments, i found the, menach -, of sars-cov-2 in these, original report from 2015, pangolin, published in nature medicine, recombination, searching for the origin, the original recombination experiment, wildlife markets},
	number = {12},
	pages = {1508--1513},
	pmid = {26552008},
	title = {{A SARS-like cluster of circulating bat coronaviruses shows potential for human emergence}},
	volume = {21},
	year = {2015},
	Bdsk-Url-1 = {https://doi.org/10.1038/nm.3985}}

@article{Chen2014ARepresentations,
	arxivid = {arXiv:2002.05709v1},
	author = {Chen, Ting and Kornblith, Simon and Norouzi, Mohammad and Hinton, Geoffrey},
	title = {{A Simple Framework for Contrastive Learning of Visual Representations}},
	year = {2014}}

@article{SantaLucia1998AThermodynamics,
	author = {SantaLucia, John},
	doi = {10.1073/pnas.95.4.1460},
	issn = {00278424},
	journal = {Proceedings of the National Academy of Sciences of the United States of America},
	number = {4},
	pages = {1460--1465},
	pmid = {9465037},
	title = {{A unified view of polymer, dumbbell, and oligonucleotide DNA nearest-neighbor thermodynamics}},
	volume = {95},
	year = {1998},
	Bdsk-Url-1 = {https://doi.org/10.1073/pnas.95.4.1460}}

@article{Noe2013ASystems,
	arxivid = {1211.7103},
	author = {No{\'{e}}, Frank and N{\"{u}}ske, Feliks},
	doi = {10.1137/110858616},
	issn = {15403459},
	journal = {Multiscale Modeling and Simulation},
	keywords = {Conformation dynamics, Markov state models, Molecular dynamics, Ritz method, Roothaan-Hall method, Transfer operator},
	number = {2},
	pages = {635--655},
	title = {{A variational approach to modeling slow processes in stochastic dynamical systems}},
	volume = {11},
	year = {2013},
	Bdsk-Url-1 = {https://doi.org/10.1137/110858616}}

@misc{A64632Www.photonics.com,
	title = {{a64632 @ www.photonics.com}},
	url = {https://www.photonics.com/Articles/Improved_Optical_Multiplexing_with_Temporal_DNA/a64632},
	Bdsk-Url-1 = {https://www.photonics.com/Articles/Improved_Optical_Multiplexing_with_Temporal_DNA/a64632}}

@article{Sua2016AccurateModels,
	author = {Sua, Ernesto and Adelman, Joshua L and Zuckerman, Daniel M},
	doi = {10.1021/acs.jctc.6b00339},
	title = {{Accurate Estimation of Protein Folding and Unfolding Times : Beyond Markov State Models}},
	volume = {1},
	year = {2016},
	Bdsk-Url-1 = {https://doi.org/10.1021/acs.jctc.6b00339}}

@article{Perez2015ActaEngineering,
	author = {Perez, Roman A and Kim, Hae-won},
	doi = {10.1016/j.actbio.2015.03.013},
	issn = {1742-7061},
	journal = {Acta Biomaterialia},
	pages = {2--19},
	publisher = {Acta Materialia Inc.},
	title = {{Acta Biomaterialia Core -- shell designed scaffolds for drug delivery and tissue engineering}},
	url = {http://dx.doi.org/10.1016/j.actbio.2015.03.013},
	volume = {21},
	year = {2015},
	Bdsk-Url-1 = {http://dx.doi.org/10.1016/j.actbio.2015.03.013}}

@article{Phys2018AdaptiveNetworks,
	author = {Phys, J Chem and Guo, Ashley Z and Pablo, J De and Sevgen, Emre and Sidky, Hythem and Whitmer, Jonathan K and Hubbell, Jeffrey A and Guo, Ashley Z and Sevgen, Emre and Sidky, Hythem and Whitmer, Jonathan K},
	doi = {10.1063/1.5020733},
	number = {December 2017},
	title = {{Adaptive enhanced sampling by force- biasing using neural networks}},
	url = {http://dx.doi.org/10.1063/1.5020733},
	volume = {134108},
	year = {2018},
	Bdsk-Url-1 = {http://dx.doi.org/10.1063/1.5020733}}

@article{Datta2018Alginate-polyApplications,
	author = {Datta, Sudipto and Das, Ankita and Sasmal, Pranabesh and Bhutoria, Sumant and Roy, Amit and Datta, Pallab},
	doi = {10.1080/00914037.2018.1539988},
	issn = {0091-4037},
	journal = {International Journal of Polymeric Materials and Polymeric Biomaterials},
	keywords = {alginate, bioink, bioprinting, differentiation, extrusion, osteoblast, poly},
	number = {0},
	pages = {1--9},
	publisher = {Taylor {\&} Francis},
	title = {{Alginate-poly ( amino acid ) extrusion printed scaffolds for tissue engineering applications}},
	url = {https://doi.org/10.1080/00914037.2018.1539988},
	volume = {0},
	year = {2018},
	Bdsk-Url-1 = {https://doi.org/10.1080/00914037.2018.1539988}}

@article{Vert2005AliphaticCannot,
	author = {Vert, Michel},
	doi = {10.1021/bm0494702},
	pages = {538--546},
	title = {{Aliphatic Polyesters : Great Degradable Polymers That Cannot}},
	year = {2005},
	Bdsk-Url-1 = {https://doi.org/10.1021/bm0494702}}

@article{Hinckley2013AnHybridization,
	author = {Hinckley, Daniel M. and Freeman, Gordon S. and Whitmer, Jonathan K. and De Pablo, Juan J.},
	doi = {10.1063/1.4822042},
	issn = {00219606},
	journal = {Journal of Chemical Physics},
	number = {14},
	title = {{An experimentally-informed coarse-grained 3-site-per-nucleotide model of DNA: Structure, thermodynamics, and dynamics of hybridization}},
	volume = {139},
	year = {2013},
	Bdsk-Url-1 = {https://doi.org/10.1063/1.4822042}}

@article{Bernetti2019AnProcesses,
	author = {Bernetti, Mattia and Masetti, Matteo and Recanatini, Maurizio and Amaro, Rommie E. and Cavalli, Andrea},
	doi = {10.1021/acs.jctc.9b00450},
	issn = {15499626},
	journal = {Journal of Chemical Theory and Computation},
	number = {10},
	pages = {5689--5702},
	pmid = {31436987},
	title = {{An Integrated Markov State Model and Path Metadynamics Approach to Characterize Drug Binding Processes}},
	volume = {15},
	year = {2019},
	Bdsk-Url-1 = {https://doi.org/10.1021/acs.jctc.9b00450}}

@article{Wu2020AnalysisMethods,
	author = {Wu, Canrong and Liu, Yang and Yang, Yueying and Zhang, Peng and Zhong, Wu and Wang, Yali and Wang, Qiqi and Xu, Yang and Li, Mingxue and Li, Xingzhou and Zheng, Mengzhu and Chen, Lixia and Li, Hua},
	doi = {10.1016/j.apsb.2020.02.008},
	issn = {22113835},
	journal = {Acta Pharmaceutica Sinica B},
	publisher = {Chinese Pharmaceutical Association and Institute of Materia Medica, Chinese Academy of Medical Sciences},
	title = {{Analysis of therapeutic targets for SARS-CoV-2 and discovery of potential drugs by computational methods}},
	url = {https://doi.org/10.1016/j.apsb.2020.02.008},
	year = {2020},
	Bdsk-Url-1 = {https://doi.org/10.1016/j.apsb.2020.02.008}}

@article{Lavery2014AnalyzingDNA,
	author = {Lavery, Richard and Maddocks, John H. and Pasi, Marco and Zakrzewska, Krystyna},
	doi = {10.1093/nar/gku504},
	issn = {13624962},
	journal = {Nucleic Acids Research},
	number = {12},
	pages = {8138--8149},
	pmid = {24906882},
	title = {{Analyzing ion distributions around DNA}},
	volume = {42},
	year = {2014},
	Bdsk-Url-1 = {https://doi.org/10.1093/nar/gku504}}

@article{Sung2009AndElectrospinning,
	author = {Sung, Moon-hee},
	doi = {10.1007/s00289-009-0112-5},
	isbn = {0028900901},
	keywords = {c -glutamic acid, poly, {\'{a}} fiber {\'{a}} electrospinning},
	pages = {735--742},
	title = {{and its derivative by electrospinning}},
	year = {2009},
	Bdsk-Url-1 = {https://doi.org/10.1007/s00289-009-0112-5}}

@article{Clercq2016ApprovedYears.,
	author = {Clercq, E de and E., De Clercq},
	doi = {10.1128/CMR.00102-15.Address},
	isbn = {0893-8512},
	journal = {Clinical Microbiology Reviews},
	keywords = {*antivirus agent, *drug approval, 5 (2 bromovinyl) 2' deoxyuridine, DNA-directed RNA polymerase, HIV infections, Hepatitis B virus, Hepatitis C virus, Herpes simplex virus, Human cytomegalovirus, Human immunodeficiency virus, Human immunodeficiency virus infection, RNA-directed DNA polymerase, Varicella zoster virus, Wart virus, abacavir, activity, analogues, antiviral activity, antiviral agents, asunaprevir, atazanavir, clinical trial (topic), communicable disease, darunavir, delavirdine, didanosine, disease transmission, drug safety, efavirenz, emerging infectious diseases, emtricitabine, enzyme inhibitors, etravirine, food and drug administration, fosamprenavir, foscarnet, genotype, guanosine, hepatitis, hepatitis B, hepatitis C, herpes simplex encephalitis, human, human diseases, human immunodeficiency viruses, human papillomaviruses, idoxuridine, indinavir, infections, infectious diseases, influenza, influenza viruses, interferon, lamivudine, liver diseases, molecular genetics, nelfinavir, nevirapine, nonhuman, nucleoside analog, nucleoside analogues, nucleosides, oligonucleotides, phase 2 clinical trial (topic), phase 3 clinical trial (topic), proteinase inhibitors, proteinases, randomized controlled trial (topic), respiratory diseases, review, ribavirin, rilpivirine, ritonavir, saquinavir, severe acute respiratory syndrome, sialidase, simian acquired immunodeficiency syndrome, stavudine, therapy, tipranavir, treatment, trifluridine, unindexed drug, vaniprevir, viral diseases, virus infection, warts, zalcitabine, zidovudine},
	number = {3},
	pages = {695--747},
	title = {{Approved antiviral drugs over the past 50 years. }},
	url = {http://cmr.asm.org/content/29/3/695.full.pdf%0Ahttp://ovidsp.ovid.com/ovidweb.cgi?T=JS&PAGE=reference&D=emed18a&NEWS=N&AN=610657845%0Ahttp://cmr.asm.org/content/29/3/695.abstract},
	volume = {29},
	year = {2016},
	Bdsk-Url-1 = {http://cmr.asm.org/content/29/3/695.full.pdf%0Ahttp://ovidsp.ovid.com/ovidweb.cgi?T=JS&PAGE=reference&D=emed18a&NEWS=N&AN=610657845%0Ahttp://cmr.asm.org/content/29/3/695.abstract},
	Bdsk-Url-2 = {https://doi.org/10.1128/CMR.00102-15.Address}}

@article{Hinckley2017ArticleCo,
	author = {Hinckley, Daniel M and Lequieu, Joshua and Pablo, Juan J De},
	doi = {10.1016/j.bpj.2017.02.015},
	pages = {1302--1315},
	title = {{Article A Molecular View of the Dynamics of dsDNA Packing Inside Viral Capsids in the Presence of Ions s Co}},
	year = {2017},
	Bdsk-Url-1 = {https://doi.org/10.1016/j.bpj.2017.02.015}}

@article{Piana2007AtomisticTransition,
	author = {Piana, Stefano},
	doi = {10.1021/jp0756552},
	issn = {10895639},
	journal = {Journal of Physical Chemistry A},
	number = {49},
	pages = {12349--12354},
	pmid = {17990856},
	title = {{Atomistic simulation of the DNA helix-coil transition}},
	volume = {111},
	year = {2007},
	Bdsk-Url-1 = {https://doi.org/10.1021/jp0756552}}

@article{Hagan2003AtomisticDNA,
	author = {Hagan, Michael F. and Dinner, Aaron R. and Chandler, David and Chakraborty, Arup K.},
	doi = {10.1073/pnas.2036378100},
	issn = {00278424},
	journal = {Proceedings of the National Academy of Sciences of the United States of America},
	number = {SUPPL. 2},
	pages = {13922--13927},
	pmid = {14617777},
	title = {{Atomistic understanding of kinetic pathways for single base-pair binding and unbinding in DNA}},
	volume = {100},
	year = {2003},
	Bdsk-Url-1 = {https://doi.org/10.1073/pnas.2036378100}}

@article{Vaswani2017AttentionNeed,
	arxivid = {arXiv:1706.03762v5},
	author = {Vaswani, Ashish},
	number = {Nips},
	title = {{Attention Is All You Need}},
	year = {2017}}

@article{Sengupta2019AutomatedSelf-assembly,
	author = {Sengupta, Ushnish and Carballo-pacheco, Mart{\'\i}n and Strodel, Birgit},
	doi = {10.1063/1.5083915},
	pages = {2--5},
	title = {{Automated Markov state models for molecular dynamics simulations of aggregation and self-assembly}},
	url = {http://dx.doi.org/10.1063/1.5083915},
	volume = {115101},
	year = {2019},
	Bdsk-Url-1 = {http://dx.doi.org/10.1063/1.5083915}}

@article{Zgarbova2014BaseRNA,
	author = {Zgarbov{\'{a}}, Marie and Otyepka, Michal and {\v{S}}poner, Ji{\v r}{\'\i} and Lanka{\v{s}}, Filip and Jure{\v{c}}ka, Petr},
	doi = {10.1021/ct500120v},
	issn = {15499626},
	journal = {Journal of Chemical Theory and Computation},
	number = {8},
	pages = {3177--3189},
	title = {{Base pair fraying in molecular dynamics simulations of DNA and RNA}},
	volume = {10},
	year = {2014},
	Bdsk-Url-1 = {https://doi.org/10.1021/ct500120v}}

@article{Chen2008Base-by-baseSpectroscopy,
	author = {Chen, Xudong and Zhou, Yan and Qu, Peng and Xin, Sheng Zhao},
	doi = {10.1021/ja804628x},
	issn = {00027863},
	journal = {Journal of the American Chemical Society},
	number = {50},
	pages = {16947--16952},
	pmid = {19053418},
	title = {{Base-by-base dynamics in DNA hybridization probed by fluorescence correlation spectroscopy}},
	volume = {130},
	year = {2008},
	Bdsk-Url-1 = {https://doi.org/10.1021/ja804628x}}

@article{Amariei2018Biocompatible-,
	author = {Amariei, Georgiana and Kokol, Vanja and Vivod, Vera and Boltes, Karina and Let{\'{o}}n, Pedro and Rosal, Roberto},
	doi = {10.1016/j.ijpharm.2018.10.037},
	issn = {0378-5173},
	journal = {International Journal of Pharmaceutics},
	keywords = {Antibacterial materials, Biocompatible dressings, Electrospun fibers, {$\epsilon$}-Poly(l-lysine)},
	number = {1-2},
	pages = {141--148},
	publisher = {Elsevier},
	title = {{Biocompatible antimicrobial electrospun nano fi bers functionalized with {$\epsilon$} -}},
	url = {https://doi.org/10.1016/j.ijpharm.2018.10.037},
	volume = {553},
	year = {2018},
	Bdsk-Url-1 = {https://doi.org/10.1016/j.ijpharm.2018.10.037}}

@article{Astete2016BiodistributionDays,
	author = {Astete, Carlos E and Stout, Rhett W and Mottram, Peter},
	keywords = {biodistribution, carlos e astete 1, diana, morgan 3, nanoparticles, rhett w stout 2, sara m navarro 1, timothy w, toxicity},
	pages = {1653--1669},
	title = {{Biodistribution and toxicity of orally administered poly ( lactic-co-glycolic ) acid nanoparticles to F344 rats for 21 days}},
	volume = {11},
	year = {2016}}

@article{Bajaj2011BioresourceInterest,
	author = {Bajaj, Ishwar and Singhal, Rekha},
	doi = {10.1016/j.biortech.2011.02.047},
	issn = {0960-8524},
	journal = {Bioresource Technology},
	keywords = {c -glutamic acid, poly},
	number = {10},
	pages = {5551--5561},
	publisher = {Elsevier Ltd},
	title = {{Bioresource Technology Poly ( glutamic acid ) -- An emerging biopolymer of commercial interest}},
	url = {http://dx.doi.org/10.1016/j.biortech.2011.02.047},
	volume = {102},
	year = {2011},
	Bdsk-Url-1 = {http://dx.doi.org/10.1016/j.biortech.2011.02.047}}

@article{2020BloodyHell,
	title = {{Bloody hell!}},
	year = {2020}}

@article{Noe2019BoltzmannLearning,
	author = {No{\'{e}}, Frank and Olsson, Simon and K{\"{o}}hler, Jonas and Wu, Hao},
	doi = {10.1126/science.aaw1147},
	issn = {10959203},
	journal = {Science},
	number = {6457},
	pmid = {31488660},
	title = {{Boltzmann generators: Sampling equilibrium states of many-body systems with deep learning}},
	volume = {365},
	year = {2019},
	Bdsk-Url-1 = {https://doi.org/10.1126/science.aaw1147}}

@article{Chen2019CapabilitiesSystems,
	arxivid = {1906.00325},
	author = {Chen, Wei and Sidky, Hythem and Ferguson, Andrew L.},
	doi = {10.1063/1.5112048},
	issn = {00219606},
	journal = {Journal of Chemical Physics},
	number = {6},
	pages = {1--16},
	title = {{Capabilities and limitations of time-lagged autoencoders for slow mode discovery in dynamical systems}},
	volume = {151},
	year = {2019},
	Bdsk-Url-1 = {https://doi.org/10.1063/1.5112048}}

@article{Chen2019CapabilitiesSystemsb,
	arxivid = {1906.00325},
	author = {Chen, Wei and Sidky, Hythem and Ferguson, Andrew L.},
	doi = {10.1063/1.5112048},
	issn = {00219606},
	journal = {Journal of Chemical Physics},
	number = {6},
	publisher = {AIP Publishing, LLC},
	title = {{Capabilities and limitations of time-lagged autoencoders for slow mode discovery in dynamical systems}},
	url = {https://doi.org/10.1063/1.5112048},
	volume = {151},
	year = {2019},
	Bdsk-Url-1 = {https://doi.org/10.1063/1.5112048}}

@article{Deng2018CharacterizationElectrospinning,
	author = {Deng, Lingli and Zhang, Xi and Li, Yang and Que, Fei and Kang, Xuefan and Liu, Yuyu and Feng, Fengqin and Zhang, Hui},
	doi = {10.1016/j.foodhyd.2017.09.011},
	issn = {0268005X},
	journal = {Food Hydrocolloids},
	keywords = {Electrospinning, Gelatin, Solvent resistance, Zein},
	pages = {72--80},
	publisher = {Elsevier Ltd},
	title = {{Characterization of gelatin/zein nanofibers by hybrid electrospinning}},
	url = {https://doi.org/10.1016/j.foodhyd.2017.09.011},
	volume = {75},
	year = {2018},
	Bdsk-Url-1 = {https://doi.org/10.1016/j.foodhyd.2017.09.011}}

@article{Jc2016ChitosanMedicine,
	author = {Jc, Antunes and Rm, Gon{\c c}alves and Ma, Barbosa and Investiga{\c{c}}{\~{a}}o, Instituto De and Porto, Universidade and Allen, Rua Alfredo and Biom{\'{e}}dica, Ineb-instituto De Engenharia and Porto, Universidade and Allen, Rua Alfredo and Biom{\'{e}}dicas, Icbas-instituto De Ci{\^e}ncias and Salazar, Abel and Porto, Universidade and Viterbo, Rua De Jorge},
	doi = {10.4172/2321-6212.1000153},
	keywords = {Chitosan, Delivery system, Poly({$\gamma$}-glutamic acid), Polyelectrolyte complexes, Regenerative medicine, chitosan, glutamic acid, poly, polyelectrolyte complexes, regenerative medicine, {$\gamma$}-},
	number = {4},
	pages = {19--21},
	title = {{Chitosan / Poly ( {$\gamma$} -glutamic acid ) Polyelectrolyte Complexes : From Self- Assembly to Application in Biomolecules Delivery and Regenerative Medicine}},
	volume = {4},
	year = {2016},
	Bdsk-Url-1 = {https://doi.org/10.4172/2321-6212.1000153}}

@article{Kuo2017ChitosanEngineering,
	author = {Kuo, Yung-chih and Ku, Hao-fu and Rajesh, Rajendiran},
	doi = {10.1016/j.msec.2017.04.067},
	issn = {0928-4931},
	journal = {Materials Science {\&} Engineering C},
	keywords = {Apoptosis, Biodegradation, Caspase-3, Glycoaminoglycan, Mechanical strength, Mitochondrial staining, Type II collagen},
	pages = {265--277},
	publisher = {Elsevier B.V.},
	title = {{Chitosan / {$\gamma$} -poly ( glutamic acid ) scaffolds with surface-modi fi ed albumin , elastin and poly- L -lysine for cartilage tissue engineering}},
	url = {http://dx.doi.org/10.1016/j.msec.2017.04.067},
	volume = {78},
	year = {2017},
	Bdsk-Url-1 = {http://dx.doi.org/10.1016/j.msec.2017.04.067}}

@article{Ray2019ChromatinShock,
	author = {Ray, Judhajeet and Munn, Paul R and Vihervaara, Anniina and Lewis, James J and Ozer, Abdullah and Danko, Charles G},
	doi = {10.1073/pnas.1901244116},
	number = {39},
	pages = {19431--19439},
	title = {{Chromatin conformation remains stable upon extensive transcriptional changes driven by heat shock}},
	volume = {116},
	year = {2019},
	Bdsk-Url-1 = {https://doi.org/10.1073/pnas.1901244116}}

@article{Freeman2014Coarse-grainedCurvature,
	arxivid = {1404.7726},
	author = {Freeman, Gordon S. and Hinckley, Daniel M. and Lequieu, Joshua P. and Whitmer, Jonathan K. and De Pablo, Juan J.},
	doi = {10.1063/1.4897649},
	issn = {00219606},
	journal = {Journal of Chemical Physics},
	number = {16},
	pmid = {25362344},
	title = {{Coarse-grained modeling of DNA curvature}},
	url = {http://dx.doi.org/10.1063/1.4897649},
	volume = {141},
	year = {2014},
	Bdsk-Url-1 = {http://dx.doi.org/10.1063/1.4897649}}

@article{Hinckley2014Coarse-grainedEffects,
	author = {Hinckley, Daniel M. and Lequieu, Joshua P. and De Pablo, Juan J.},
	doi = {10.1063/1.4886336},
	issn = {00219606},
	journal = {Journal of Chemical Physics},
	number = {3},
	title = {{Coarse-grained modeling of DNA oligomer hybridization: Length, sequence, and salt effects}},
	url = {http://dx.doi.org/10.1063/1.4886336},
	volume = {141},
	year = {2014},
	Bdsk-Url-1 = {http://dx.doi.org/10.1063/1.4886336}}

@article{Dai2017CoaxialFibers,
	author = {Dai, Xingliang and Liu, Libiao and Ouyang, Jia and Li, Xinda and Zhang, Xinzhi and Lan, Qing and Xu, Tao},
	doi = {10.1038/s41598-017-01581-y},
	issn = {2045-2322},
	journal = {Scientific Reports},
	pages = {1--12},
	publisher = {Springer US},
	title = {{Coaxial 3D bioprinting of self-assembled multicellular heterogeneous tumor fibers}},
	url = {http://dx.doi.org/10.1038/s41598-017-01581-y},
	year = {2017},
	Bdsk-Url-1 = {http://dx.doi.org/10.1038/s41598-017-01581-y}}

@article{Phys2018CollectiveDesign,
	author = {Phys, J Chem and Chen, Wei and Tan, Aik Rui and Ferguson, Andrew L},
	doi = {10.1063/1.5023804},
	title = {{Collective variable discovery and enhanced sampling using autoencoders : Innovations in network architecture and error function design}},
	url = {http://dx.doi.org/10.1063/1.5023804},
	volume = {072312},
	year = {2018},
	Bdsk-Url-1 = {http://dx.doi.org/10.1063/1.5023804}}

@misc{Noe2017CollectiveMethods,
	author = {No{\'{e}}, Frank and Clementi, Cecilia},
	booktitle = {Current Opinion in Structural Biology},
	doi = {10.1016/j.sbi.2017.02.006},
	issn = {1879033X},
	month = {4},
	pages = {141--147},
	pmid = {28327454},
	publisher = {Elsevier Ltd},
	title = {{Collective variables for the study of long-time kinetics from molecular trajectories: theory and methods}},
	volume = {43},
	year = {2017},
	Bdsk-Url-1 = {https://doi.org/10.1016/j.sbi.2017.02.006}}

@article{Noe2017CollectiveMethodsb,
	author = {No{\'{e}}, Frank and Clementi, Cecilia},
	doi = {10.1016/j.sbi.2017.02.006},
	issn = {1879033X},
	journal = {Current Opinion in Structural Biology},
	pages = {141--147},
	pmid = {28327454},
	title = {{Collective variables for the study of long-time kinetics from molecular trajectories: theory and methods}},
	volume = {43},
	year = {2017},
	Bdsk-Url-1 = {https://doi.org/10.1016/j.sbi.2017.02.006}}

@article{Wang2012ColloidsApplications,
	author = {Wang, Shige and Cao, Xueyan and Shen, Mingwu and Guo, Rui and B{\'{a}}nyai, Istv{\'a}n and Shi, Xiangyang},
	doi = {10.1016/j.colsurfb.2011.09.029},
	issn = {0927-7765},
	journal = {Colloids and Surfaces B: Biointerfaces},
	keywords = {-glutamic acid, poly},
	pages = {254--264},
	publisher = {Elsevier B.V.},
	title = {{Colloids and Surfaces B : Biointerfaces Fabrication and morphology control of electrospun poly ( ␥ -glutamic acid ) nanofibers for biomedical applications}},
	url = {http://dx.doi.org/10.1016/j.colsurfb.2011.09.029},
	volume = {89},
	year = {2012},
	Bdsk-Url-1 = {http://dx.doi.org/10.1016/j.colsurfb.2011.09.029}}

@article{Sekar2005ComparativeMicrospheres,
	author = {Sekar, Michael M.A. and Bloch, Will and St John, Pamela M.},
	doi = {10.1093/nar/gki163},
	issn = {03051048},
	journal = {Nucleic Acids Research},
	number = {1},
	pages = {366--375},
	pmid = {15653637},
	title = {{Comparative study of sequence-dependent hybridization kinetics in solution and on microspheres}},
	volume = {33},
	year = {2005},
	Bdsk-Url-1 = {https://doi.org/10.1093/nar/gki163}}

@article{Kastantin2017ConnectingTracking,
	author = {Kastantin, Mark and Faulo, David and Grover, Navdeep and Mcloughlin, Sean Yu and Schwartz, Daniel K and Kaar, Joel L},
	doi = {10.1021/jacs.7b03978},
	title = {{Connecting Protein Conformation and Dynamics with Ligand − Receptor Binding Using Three-Color Fo ̈ rster Resonance Energy Transfer Tracking}},
	year = {2017},
	Bdsk-Url-1 = {https://doi.org/10.1021/jacs.7b03978}}

@article{Zhang2009ControlExchange,
	author = {Zhang, David Yu and Winfree, Erik},
	doi = {10.1021/ja906987s},
	issn = {00027863},
	journal = {Journal of the American Chemical Society},
	number = {47},
	pages = {17303--17314},
	pmid = {19894722},
	title = {{Control of DNA strand displacement kinetics using toehold exchange}},
	volume = {131},
	year = {2009},
	Bdsk-Url-1 = {https://doi.org/10.1021/ja906987s}}

@article{Galindo-Murillo2015ConvergenceDGCACGAACGAACGAACGC,
	author = {Galindo-Murillo, Rodrigo and Roe, Daniel R. and Cheatham, Thomas E.},
	doi = {10.1016/j.bbagen.2014.09.007},
	issn = {18728006},
	journal = {Biochimica et Biophysica Acta - General Subjects},
	keywords = {Base pair fraying, Convergence, DNA dynamics, Molecular dynamics, Nucleic acid, Reproducibility},
	number = {5},
	pages = {1041--1058},
	pmid = {25219455},
	publisher = {Elsevier B.V.},
	title = {{Convergence and reproducibility in molecular dynamics simulations of the DNA duplex d(GCACGAACGAACGAACGC)}},
	url = {http://dx.doi.org/10.1016/j.bbagen.2014.09.007},
	volume = {1850},
	year = {2015},
	Bdsk-Url-1 = {http://dx.doi.org/10.1016/j.bbagen.2014.09.007}}

@article{Porschke1971CooperativeTransition,
	author = {P{\"{o}}rschke, D. and {Eigen}},
	pages = {361--381},
	title = {{Cooperative nonenzymic base recognition III.† Kinetics of the Helix-Coil Transition}},
	year = {1971}}

@article{Merkle2013Core-ShellAlcohol,
	author = {Merkle, Valerie M and Zeng, Like and Slepian, Marvin J and Wu, Xiaoyi},
	doi = {10.1002/bip.22367},
	keywords = {accepted pre-, coaxial electrospinning, core-shell nanofibers, date corresponds to the, gelatin, polyvinyl alcohol, preprint, print, published online, published online as an, the, this article was originally, tissue engineering},
	number = {4},
	pages = {336--346},
	title = {{Core-Shell Nanofibers: Integrating the Bioactivity of Gelatin and the Mechanical Property of Polyvinyl Alcohol}},
	volume = {101},
	year = {2013},
	Bdsk-Url-1 = {https://doi.org/10.1002/bip.22367}}

@article{Agostini2018CoronavirusExoribonuclease,
	author = {Agostini, Maria L. and Andres, Erica L. and Sims, Amy C. and Graham, Rachel L. and Sheahan, Timothy P. and Lu, Xiaotao and Smith, Everett Clinton and Case, James Brett and Feng, Joy Y. and Jordan, Robert and Ray, Adrian S. and Cihlar, Tomas and Siegel, Dustin and Mackman, Richard L. and Clarke, Michael O. and Baric, Ralph S. and Denison, Mark R.},
	doi = {10.1128/mBio.00221-18},
	issn = {21507511},
	journal = {mBio},
	keywords = {Antiviral agents, Antiviral resistance, Coronavirus, Nucleoside analogs, Pandemic, RNA polymerases, SARS-CoV},
	number = {2},
	pages = {1--15},
	title = {{Coronavirus susceptibility to the antiviral remdesivir (GS-5734) is mediated by the viral polymerase and the proofreading exoribonuclease}},
	volume = {9},
	year = {2018},
	Bdsk-Url-1 = {https://doi.org/10.1128/mBio.00221-18}}

@article{Wahl1996CrystalTransition,
	author = {Wahl, Markus C. and Rao, Sambhorao T. and Sundaralingam, Muttaiya},
	doi = {10.1016/S0006-3495(96)79855-7},
	issn = {00063495},
	journal = {Biophysical Journal},
	number = {6},
	pages = {2857--2866},
	pmid = {8744323},
	publisher = {Elsevier},
	title = {{Crystal structure of the B-DNA hexamer d(CTCGAG): Model for an A-to-B transition}},
	url = {http://dx.doi.org/10.1016/S0006-3495(96)79855-7},
	volume = {70},
	year = {1996},
	Bdsk-Url-1 = {http://dx.doi.org/10.1016/S0006-3495(96)79855-7}}

@misc{D41586-019-01690-wWww.nature.com,
	title = {{d41586-019-01690-w @ www.nature.com}},
	url = {https://www.nature.com/articles/d41586-019-01690-w},
	Bdsk-Url-1 = {https://www.nature.com/articles/d41586-019-01690-w}}

@article{Bartzatt2001DansylationGroups,
	author = {Bartzatt, Ronald},
	keywords = {dansylation, ethanol, fluorescence},
	pages = {189--195},
	title = {{Dansylation of hydroxyl and carboxylic acid functional groups}},
	volume = {47},
	year = {2001}}

@article{Frey2020Data-drivenProblems,
	author = {Frey, Sascha and Jones, Prof Colin and Ferguson, Prof Andrew L and Frey, Sascha},
	number = {June},
	title = {{Data-driven discovery of Koopman eigenfunctions for non-linear control problems}},
	year = {2020}}

@article{Andrew2013DeepAnalysis,
	author = {Andrew, Galen and Bilmes, Jeff and Livescu, Karen},
	keywords = {canonical correlation analysis, kernel CCA, deep l},
	title = {{Deep Canonical Correlation Analysis}},
	volume = {28},
	year = {2013}}

@article{Zhang2018DeepMechanics,
	arxivid = {1707.09571},
	author = {Zhang, Linfeng and Han, Jiequn and Wang, Han and Car, Roberto and Weinan, E.},
	doi = {10.1103/PhysRevLett.120.143001},
	issn = {10797114},
	journal = {Physical Review Letters},
	number = {14},
	pages = {1--22},
	title = {{Deep Potential Molecular Dynamics: A Scalable Model with the Accuracy of Quantum Mechanics}},
	volume = {120},
	year = {2018},
	Bdsk-Url-1 = {https://doi.org/10.1103/PhysRevLett.120.143001}}

@article{Han2018DeepSurface,
	arxivid = {1707.01478},
	author = {Han, Jiequn and Zhang, Linfeng and Car, Roberto and E, Weinan},
	doi = {10.4208/cicp.oa-2017-0213},
	issn = {18152406},
	journal = {Communications in Computational Physics},
	number = {3},
	pages = {1--13},
	title = {{Deep Potential: A General Representation of a Many-Body Potential Energy Surface}},
	volume = {23},
	year = {2018},
	Bdsk-Url-1 = {https://doi.org/10.4208/cicp.oa-2017-0213}}

@article{Tsukanov2013DetailedOrigami,
	author = {Tsukanov, Roman and Tomov, Toma E. and Masoud, Rula and Drory, Hagai and Plavner, Noa and Liber, Miran and Nir, Eyal},
	doi = {10.1021/jp4059214},
	issn = {15206106},
	journal = {Journal of Physical Chemistry B},
	number = {40},
	pages = {11932--11942},
	title = {{Detailed study of DNA hairpin dynamics using single-molecule fluorescence assisted by DNA origami}},
	volume = {117},
	year = {2013},
	Bdsk-Url-1 = {https://doi.org/10.1021/jp4059214}}

@article{Liu2019DetectionData,
	author = {Liu, Qian and Fang, Li and Yu, Guoliang and Wang, Depeng and Xiao, Chuan Le and Wang, Kai},
	doi = {10.1038/s41467-019-10168-2},
	isbn = {4146701910},
	issn = {20411723},
	journal = {Nature Communications},
	number = {1},
	pmid = {31164644},
	publisher = {Springer US},
	title = {{Detection of DNA base modifications by deep recurrent neural network on Oxford Nanopore sequencing data}},
	url = {http://dx.doi.org/10.1038/s41467-019-10168-2},
	volume = {10},
	year = {2019},
	Bdsk-Url-1 = {http://dx.doi.org/10.1038/s41467-019-10168-2}}

@article{Ivanov1996DeterminationLabelling,
	author = {Ivanov, V B and Behnisch, J and Hollander, A and Mehdorn, F and Zimmermann, H},
	number = {October 1995},
	pages = {3--8},
	title = {{Determination of Functional Groups on Polymer Surfaces Using Fluorescence Labelling}},
	volume = {24},
	year = {1996}}

@article{Bott2018Device-Embedded:,
	author = {Bott, Nicholas and Madero, Erica N and Glenn, Jordan and Lange, Alexander and Anderson, John and Newton, Doug and Brennan, Adam and Buffalo, Elizabeth A and Rentz, Dorene and Zola, Stuart},
	doi = {10.2196/11143},
	keywords = {eye tracking, neuropsychological testing, preclinical alzheimer, s disease, visual paired comparison},
	pages = {1--10},
	title = {{Device-Embedded Cameras for Eye Tracking -- Based Cognitive Assessment : Validation With Paper-Pencil and Computerized Cognitive Composites Corresponding Author :}},
	volume = {20},
	year = {2018},
	Bdsk-Url-1 = {https://doi.org/10.2196/11143}}

@article{Coifman2006DiffusionMaps,
	author = {Coifman, Ronald R. and Lafon, St{\'e}phane},
	doi = {10.1016/j.acha.2006.04.006},
	issn = {10635203},
	journal = {Applied and Computational Harmonic Analysis},
	keywords = {Diffusion metric, Diffusion processes, Dimensionality reduction, Eigenmaps, Graph Laplacian, Manifold learning},
	number = {1},
	pages = {5--30},
	title = {{Diffusion maps}},
	volume = {21},
	year = {2006},
	Bdsk-Url-1 = {https://doi.org/10.1016/j.acha.2006.04.006}}

@article{He2016DirectResolution,
	author = {He, Gen and Li, Jie and Ci, Haina and Qi, Chuanmin and Guo, Xuefeng},
	doi = {10.1002/anie.201603038},
	issn = {15213773},
	journal = {Angewandte Chemie - International Edition},
	keywords = {DNA hybridization, single-base resolution, single-molecule devices},
	number = {31},
	pages = {9036--9040},
	pmid = {27272178},
	title = {{Direct Measurement of Single-Molecule DNA Hybridization Dynamics with Single-Base Resolution}},
	volume = {55},
	year = {2016},
	Bdsk-Url-1 = {https://doi.org/10.1002/anie.201603038}}

@article{Woodside2006DirectAcid,
	author = {Woodside, Michael T and Anthony, Peter C and Behnke-parks, William M and Larizadeh, Kevan and Herschlag, Daniel and Block, Steven M},
	journal = {Science},
	number = {November},
	pages = {1001--1005},
	title = {{Direct Measurement of the Full, Sequence-Dependent Folding Landscape of a Nucleic Acid}},
	year = {2006}}

@article{Qu2010DirectOligonucleotides,
	author = {Qu, Peng and Yang, Xinxing and Li, Xun and Zhou, Xiaoxue and Zhao, Xin Sheng},
	doi = {10.1021/jp101173y},
	issn = {15205207},
	journal = {Journal of Physical Chemistry B},
	number = {24},
	pages = {8235--8243},
	title = {{Direct measurement of the rates and barriers on forward and reverse diffusions of intramolecular collision in overhang oligonucleotides}},
	volume = {114},
	year = {2010},
	Bdsk-Url-1 = {https://doi.org/10.1021/jp101173y}}

@article{Sanstead2018DirectIn,
	author = {Sanstead, Paul J and Tokmako, Andrei},
	doi = {10.1021/acs.jpcb.8b01445},
	title = {{Direct Observation of Activated Kinetics and Downhill Dynamics in}},
	year = {2018},
	Bdsk-Url-1 = {https://doi.org/10.1021/acs.jpcb.8b01445}}

@article{Sanstead2018DirectDehybridization,
	author = {Sanstead, Paul J. and Tokmakoff, Andrei},
	doi = {10.1021/acs.jpcb.8b01445},
	issn = {15205207},
	journal = {Journal of Physical Chemistry B},
	number = {12},
	pages = {3088--3100},
	title = {{Direct Observation of Activated Kinetics and Downhill Dynamics in DNA Dehybridization}},
	volume = {122},
	year = {2018},
	Bdsk-Url-1 = {https://doi.org/10.1021/acs.jpcb.8b01445}}

@article{Sanstead2018DirectDehybridizationb,
	author = {Sanstead, Paul J. and Tokmakoff, Andrei},
	doi = {10.1021/acs.jpcb.8b01445},
	issn = {15205207},
	journal = {Journal of Physical Chemistry B},
	number = {12},
	pages = {3088--3100},
	title = {{Direct Observation of Activated Kinetics and Downhill Dynamics in DNA Dehybridization}},
	volume = {122},
	year = {2018},
	Bdsk-Url-1 = {https://doi.org/10.1021/acs.jpcb.8b01445}}

@article{Nieba1997DisruptingFragment,
	author = {Nieba, Lars and Honegger, Annemarie and Krebber, Claus},
	keywords = {antibody engineering, domain interface, hydrophobic, patches, protein aggregation, protein engineering, single-chain},
	number = {4},
	pages = {435--444},
	title = {{Disrupting the hydrophobic patches at the antibody variable / constant domain interface : improved in vivo folding and physical characterization of an engineered scFv fragment}},
	volume = {10},
	year = {1997}}

@article{Maciejczyk2014DNAModel,
	author = {Maciejczyk, Maciej and Spasic, Aleksandar and Liwo, Adam and Scheraga, Harold A.},
	doi = {10.1021/ct4006689},
	issn = {15499626},
	journal = {Journal of Chemical Theory and Computation},
	number = {11},
	pages = {5020--5035},
	title = {{DNA duplex formation with a coarse-grained model}},
	volume = {10},
	year = {2014},
	Bdsk-Url-1 = {https://doi.org/10.1021/ct4006689}}

@article{Hairong2007DNALandscape,
	author = {Hairong, Ma and Wan, Chaozhi and Wu, Aiguo and Zewail, Ahmed H.},
	doi = {10.1073/pnas.0610028104},
	issn = {00278424},
	journal = {Proceedings of the National Academy of Sciences of the United States of America},
	keywords = {Biopolymers, Macromolecular folding, Ultrafast T-jump},
	number = {3},
	pages = {712--716},
	pmid = {17215374},
	title = {{DNA folding and melting observed in real time redefine the energy landscape}},
	volume = {104},
	year = {2007},
	Bdsk-Url-1 = {https://doi.org/10.1073/pnas.0610028104}}

@article{Schreck2015DNAHybridization,
	author = {Schreck, John S. and Ouldridge, Thomas E. and Romano, Flavio and {\v{S}}ulc, Petr and Shaw, Liam P. and Louis, Ard A. and Doye, Jonathan P.K.},
	doi = {10.1093/nar/gkv582},
	issn = {13624962},
	journal = {Nucleic Acids Research},
	number = {13},
	pages = {6181--6190},
	title = {{DNA hairpins destabilize duplexes primarily by promoting melting rather than by inhibiting hybridization}},
	volume = {43},
	year = {2015},
	Bdsk-Url-1 = {https://doi.org/10.1093/nar/gkv582}}

@article{Romano2013DNADependence,
	author = {Romano, Flavio and Doye, Jonathan P K and Ouldridge, Thomas E and Petr, S and Louis, Ard A},
	doi = {10.1093/nar/gkt687},
	number = {19},
	pages = {8886--8895},
	title = {{DNA hybridization kinetics : zippering , internal displacement and sequence dependence}},
	volume = {41},
	year = {2013},
	Bdsk-Url-1 = {https://doi.org/10.1093/nar/gkt687}}

@article{MENSSEN2020DNAMODELING,
	author = {MENSSEN, RYAN JAMES},
	isbn = {9789896540821},
	journal = {Block Caving -- A Viable Alternative?},
	number = {1},
	pages = {1--9},
	title = {{DNA HYBRIDIZATION MECHANISM ELUCIDATED BY TEMPERATURE-JUMP INFRARED SPECTROSCOPY AND COMPUTATIONAL MODELING}},
	url = {https://www.golder.com/insights/block-caving-a-viable-alternative/},
	volume = {21},
	year = {2020},
	Bdsk-Url-1 = {https://www.golder.com/insights/block-caving-a-viable-alternative/}}

@article{Seeman2017DNANanotechnology,
	author = {Seeman, Nadrian C. and Sleiman, Hanadi F.},
	doi = {10.1038/natrevmats.2017.68},
	issn = {20588437},
	journal = {Nature Reviews Materials},
	title = {{DNA nanotechnology}},
	volume = {3},
	year = {2017},
	Bdsk-Url-1 = {https://doi.org/10.1038/natrevmats.2017.68}}

@article{Mergny2019DNANanotechnology,
	author = {Mergny, Jean Louis and Sen, Dipankar},
	doi = {10.1021/acs.chemrev.8b00629},
	issn = {15206890},
	journal = {Chemical Reviews},
	number = {10},
	pages = {6290--6325},
	pmid = {30605316},
	title = {{DNA quadruple helices in nanotechnology}},
	volume = {119},
	year = {2019},
	Bdsk-Url-1 = {https://doi.org/10.1021/acs.chemrev.8b00629}}

@article{Naimark2020DNADevelopment,
	author = {Naimark, O B and V, Bayandin Yu and A, Beloglazova Yu and Gagarskich, O N and Grishko, V V and Nikitiuk, A S and Voronina, A O},
	doi = {10.17537/2020.15.},
	keywords = {criticality, epigenetics, laser microscopy, normal and, open complex dynamics},
	pages = {251--267},
	title = {{DNA Transformation , Cell Epigenetic Landscape and Open Complex Dynamics in Cancer Development}},
	year = {2020},
	Bdsk-Url-1 = {https://doi.org/10.17537/2020.15.}}

@misc{Dna-origamiCapsidconstructors.github.io,
	title = {{dna-origami @ capsidconstructors.github.io}},
	url = {https://capsidconstructors.github.io/lab-book/dna-origami.html},
	Bdsk-Url-1 = {https://capsidconstructors.github.io/lab-book/dna-origami.html}}

@article{Deluca2020DynamicDevices,
	author = {Deluca, Marcello and Shi, Ze and Castro, Carlos E. and Arya, Gaurav},
	doi = {10.1039/c9nh00529c},
	issn = {20556764},
	journal = {Nanoscale Horizons},
	number = {2},
	pages = {182--201},
	publisher = {Royal Society of Chemistry},
	title = {{Dynamic DNA nanotechnology: Toward functional nanoscale devices}},
	volume = {5},
	year = {2020},
	Bdsk-Url-1 = {https://doi.org/10.1039/c9nh00529c}}

@article{Iakushevich2003DynamicsTransitions,
	author = {Iakushevich, L V},
	issn = {0026-8984},
	journal = {Dynamics of DNA: BI and BII Phosphate Backbone Transitions},
	keywords = {biology, dna, molecular biology},
	number = {3},
	pages = {652--65262},
	title = {{Dynamics of DNA: BI and BII Phosphate Backbone Transitions}},
	volume = {23},
	year = {2003}}

@article{Huang2001DynamicsDNA,
	author = {Huang, Jing and Schlick, Tamar and Vologodskii, Alexander},
	doi = {10.1073/pnas.98.3.968},
	issn = {00278424},
	journal = {Proceedings of the National Academy of Sciences of the United States of America},
	number = {3},
	pages = {968--973},
	title = {{Dynamics of site juxtaposition in supercoiled DNA}},
	volume = {98},
	year = {2001},
	Bdsk-Url-1 = {https://doi.org/10.1073/pnas.98.3.968}}

@article{Xu2017E,
	author = {Xu, Jie and Wang, Sihong and Wang, Ging-ji Nathan and Zhu, Chenxin and Luo, Shaochuan and Jin, Lihua and Gu, Xiaodan and Chen, Shucheng and Feig, Vivian R and To, John W F and Rondeau-gagn{\'{e}}, Simon and Park, Joonsuk and Schroeder, Bob C and Lu, Chien and Oh, Jin Young and Wang, Yanming and Kim, Yun-hi and Yan, He and Sinclair, Robert and Zhou, Dongshan and Xue, Gi and Murmann, Boris and Linder, Christian and Cai, Wei and Tok, Jeffery B},
	number = {January},
	pages = {59--64},
	title = {{E ( 1 , 2 ),}},
	volume = {64},
	year = {2017}}

@article{Michele2014EHybridization,
	author = {Michele, Lorenzo Di and Mognetti, Bortolo M and Yanagishima, Taiki and Varilly, Patrick and Ru, Zachary and Frenkel, Daan and Eiser, Erika},
	doi = {10.1021/ja500027v},
	pages = {0--3},
	title = {{E ff ect of Inert Tails on the Thermodynamics of DNA Hybridization}},
	year = {2014},
	Bdsk-Url-1 = {https://doi.org/10.1021/ja500027v}}

@article{Markegard2016ESimulations,
	author = {Markegard, Cade B and Gallivan, Cameron P and Cheng, Darrell D and Nguyen, Hung D},
	doi = {10.1021/acs.jpcb.6b03937},
	number = {Figure 1},
	title = {{E ff ects of Concentration and Temperature on DNA Hybridization by Two Closely Related Sequences via Large-Scale Coarse-Grained Simulations}},
	year = {2016},
	Bdsk-Url-1 = {https://doi.org/10.1021/acs.jpcb.6b03937}}

@article{Shit2014EdibleOpportunities,
	author = {Shit, Subhas C and Shah, Pathik M},
	title = {{Edible Polymers : Challenges and Opportunities}},
	volume = {2014},
	year = {2014}}

@article{Li2016EffectSimulations,
	author = {Li, Yan and Dong, Zigang},
	doi = {10.1021/acs.jcim.6b00181},
	issn = {15205142},
	journal = {Journal of Chemical Information and Modeling},
	number = {6},
	pages = {1205--1215},
	pmid = {27249546},
	title = {{Effect of Clustering Algorithm on Establishing Markov State Model for Molecular Dynamics Simulations}},
	volume = {56},
	year = {2016},
	Bdsk-Url-1 = {https://doi.org/10.1021/acs.jcim.6b00181}}

@article{DiMichele2014EffectHybridization,
	author = {Di Michele, Lorenzo and Mognetti, Bortolo M. and Yanagishima, Taiki and Varilly, Patrick and Ruff, Zachary and Frenkel, Daan and Eiser, Erika},
	doi = {10.1021/ja500027v},
	issn = {15205126},
	journal = {Journal of the American Chemical Society},
	number = {18},
	pages = {6538--6541},
	title = {{Effect of inert tails on the thermodynamics of DNA hybridization}},
	volume = {136},
	year = {2014},
	Bdsk-Url-1 = {https://doi.org/10.1021/ja500027v}}

@article{Zi2016EffectiveNanogenerator,
	author = {Zi, Yunlong and Wang, Jie and Wang, Sihong and Li, Shengming and Wen, Zhen and Guo, Hengyu and Wang, Zhong Lin},
	doi = {10.1038/ncomms10987},
	journal = {Nature Communications},
	pages = {1--8},
	publisher = {Nature Publishing Group},
	title = {{Effective energy storage from a triboelectric nanogenerator}},
	url = {http://dx.doi.org/10.1038/ncomms10987},
	volume = {7},
	year = {2016},
	Bdsk-Url-1 = {http://dx.doi.org/10.1038/ncomms10987}}

@article{Sharpe2020EfficientNetworks,
	author = {Sharpe, Daniel J. and Wales, David J.},
	doi = {10.1063/5.0012128},
	issn = {10897690},
	journal = {Journal of Chemical Physics},
	number = {2},
	pmid = {32668926},
	publisher = {AIP Publishing, LLC},
	title = {{Efficient and exact sampling of transition path ensembles on Markovian networks}},
	url = {https://doi.org/10.1063/5.0012128},
	volume = {153},
	year = {2020},
	Bdsk-Url-1 = {https://doi.org/10.1063/5.0012128}}

@article{Craig1971ElaxationOligon,
	author = {Craig, Mary E and Crothers, D M and Doty, Paul},
	issn = {0022-2836},
	journal = {J. Mol. Biol.},
	pages = {383--401},
	pmid = {5138338},
	title = {{elaxation Kinetics of Dimer elf Complementary Oligon}},
	volume = {62},
	year = {1971}}

@article{Meli2010ElectrospinningFormation,
	author = {Meli, Luciana and Miao, Jianjun and Dordick, S and Linhardt, Robert J},
	doi = {10.1039/c0gc00283f},
	pages = {1883--1892},
	title = {{Electrospinning from room temperature ionic liquids for biopolymer fiber formation}},
	year = {2010},
	Bdsk-Url-1 = {https://doi.org/10.1039/c0gc00283f}}

@article{Wongsasulak2010ElectrospinningBlends,
	author = {Wongsasulak, Saowakon and Patapeejumruswong, Manashuen and Weiss, Jochen and Supaphol, Pitt},
	doi = {10.1016/j.jfoodeng.2010.01.014},
	issn = {0260-8774},
	journal = {Journal of Food Engineering},
	number = {3},
	pages = {370--376},
	publisher = {Elsevier Ltd},
	title = {{Electrospinning of food-grade nanofibers from cellulose acetate and egg albumen blends}},
	url = {http://dx.doi.org/10.1016/j.jfoodeng.2010.01.014},
	volume = {98},
	year = {2010},
	Bdsk-Url-1 = {http://dx.doi.org/10.1016/j.jfoodeng.2010.01.014}}

@article{Stijnman2011ElectrospinningPolysaccharides,
	author = {Stijnman, Ann C. and Bodnar, Igor and Hans Tromp, R.},
	doi = {10.1016/j.foodhyd.2011.01.005},
	isbn = {0268-005X},
	issn = {0268005X},
	journal = {Food Hydrocolloids},
	keywords = {Extensional viscosity, Fiber formation, Shear thinning},
	number = {5},
	pages = {1393--1398},
	pmid = {24468855},
	publisher = {Elsevier Ltd},
	title = {{Electrospinning of food-grade polysaccharides}},
	url = {http://dx.doi.org/10.1016/j.foodhyd.2011.01.005},
	volume = {25},
	year = {2011},
	Bdsk-Url-1 = {http://dx.doi.org/10.1016/j.foodhyd.2011.01.005}}

@article{Lu2006ElectrospinningOxide,
	author = {Lu, Jian Wei and Zhu, Yong Liang and Guo, Zhao Xia and Hu, Ping and Yu, Jian},
	doi = {10.1016/j.polymer.2006.09.027},
	isbn = {0032-3861},
	issn = {00323861},
	journal = {Polymer},
	keywords = {Electrospinning, Poly(ethylene oxide), Sodium alginate},
	number = {23},
	pages = {8026--8031},
	title = {{Electrospinning of sodium alginate with poly(ethylene oxide)}},
	volume = {47},
	year = {2006},
	Bdsk-Url-1 = {https://doi.org/10.1016/j.polymer.2006.09.027}}

@article{Jafari2011ElectrospunEvaluation,
	author = {Jafari, Javad and Emami, Shahriar Hojjati and Samadikuchaksaraei, Ali and Bahar, Mohammad Ali and Gorjipour, Fazel},
	doi = {10.3233/BME-2011-0660},
	isbn = {0959-2989},
	issn = {09592989},
	journal = {Bio-Medical Materials and Engineering},
	keywords = {Chitosan, electrospinning, gelatin, nanofibers, scaffold},
	number = {2},
	pages = {99--112},
	pmid = {21654066},
	title = {{Electrospun chitosan-gelatin nanofiberous scaffold: Fabrication and in vitro evaluation}},
	volume = {21},
	year = {2011},
	Bdsk-Url-1 = {https://doi.org/10.3233/BME-2011-0660}}

@article{Gizaw2018ElectrospunApplications,
	author = {Gizaw, Mulugeta and Thompson, Jeffrey and Faglie, Addison and Lee, Shih-yu and Neuenschwander, Pierre and Chou, Shih-feng},
	doi = {10.3390/bioengineering5010009},
	keywords = {drug release, electrospun fibers, gene, proteins and peptides, small molecule drugs},
	pages = {1--28},
	title = {{Electrospun Fibers as a Dressing Material for Drug and Biological Agent Delivery in Wound Healing Applications}},
	year = {2018},
	Bdsk-Url-1 = {https://doi.org/10.3390/bioengineering5010009}}

@article{Woerdeman2005ElectrospunProcess,
	author = {Woerdeman, Dara L and Ye, Peng and Shenoy, Suresh and Parnas, Richard S and Wnek, Gary E and Trofimova, Olga},
	doi = {10.1021/bm0494545},
	pages = {707--712},
	title = {{Electrospun Fibers from Wheat Protein : Investigation of the Interplay between Molecular Structure and the Fluid Dynamics of the Electrospinning Process}},
	year = {2005},
	Bdsk-Url-1 = {https://doi.org/10.1021/bm0494545}}

@article{Hoktaweesap2007ElectrospunDiameters,
	author = {Hoktaweesap, Nuanchan C and Rayanarakul, Kunawan A and Ong, Duangdao A H T and Eechaisue, Chidchanok M and Upaphol, Pitt S},
	doi = {10.1295/polymj.PJ2006190},
	keywords = {electrospinning, electrostatic spinning or electrospinning, ess by which ultrafine, fibers with diameters in, gelatin, is a proc-, nano-, nanofibers, solvent},
	number = {6},
	pages = {622--631},
	title = {{Electrospun Gelatin Fibers : Effect of Solvent System on Morphology and Fiber Diameters}},
	volume = {39},
	year = {2007},
	Bdsk-Url-1 = {https://doi.org/10.1295/polymj.PJ2006190}}

@article{Zhang2014ElectrospunCulture,
	author = {Zhang, Mei and Liu, Yongjia and Yi, Hualin and Luan, Jiashuang and Zhang, Yan and Cai, Hongli},
	doi = {10.1080/00405000.2013.835902},
	keywords = {cell culture surface, electrospinning, embryonic stem cell, fi brous mats, zein},
	title = {{Electrospun zein / PVA fibrous mats as three- dimensional surface for embryonic stem cell culture}},
	volume = {5000},
	year = {2014},
	Bdsk-Url-1 = {https://doi.org/10.1080/00405000.2013.835902}}

@article{Bowman2010EnhancedModels,
	author = {Bowman, Gregory R. and Ensign, Daniel L. and Pande, Vijay S.},
	doi = {10.1021/ct900620b},
	issn = {15499618},
	journal = {Journal of Chemical Theory and Computation},
	number = {3},
	pages = {787--794},
	pmid = {23626502},
	title = {{Enhanced modeling via network theory: Adaptive sampling of markov state models}},
	volume = {6},
	year = {2010},
	Bdsk-Url-1 = {https://doi.org/10.1021/ct900620b}}

@article{MayErrorEstimation,
	arxivid = {arXiv:2005.02248v1},
	author = {May, N A},
	keywords = {1, 60j35, 65c05, 65n30, ams subject classifications, an essential goal in, chanics, computational statistical me-, conformation dynamics, functions that, introduction, markov state models, rayleigh-ritz method, simulation studies is identifying, transition operator},
	pages = {1--33},
	title = {{Error bounds for dynamical spectral estimation}}}

@article{Laio2002EscapingMinima,
	author = {Laio, Alessandro and Parrinello, Michele},
	title = {{Escaping free-energy minima}},
	year = {2002}}

@article{Lomzov2015EvaluationSimulation,
	author = {Lomzov, Alexander A. and Vorobjev, Yury N. and Pyshnyi, Dmitrii V.},
	doi = {10.1021/acs.jpcb.5b09645},
	issn = {15205207},
	journal = {Journal of Physical Chemistry B},
	number = {49},
	pages = {15221--15234},
	pmid = {26569147},
	title = {{Evaluation of the Gibbs Free Energy Changes and Melting Temperatures of DNA/DNA Duplexes Using Hybridization Enthalpy Calculated by Molecular Dynamics Simulation}},
	volume = {119},
	year = {2015},
	Bdsk-Url-1 = {https://doi.org/10.1021/acs.jpcb.5b09645}}

@article{Pande2010EverythingAsk,
	author = {Pande, Vijay S and Beauchamp, Kyle and Bowman, Gregory R},
	doi = {10.1016/j.ymeth.2010.06.002},
	issn = {1046-2023},
	journal = {Methods},
	number = {1},
	pages = {99--105},
	publisher = {Elsevier Inc.},
	title = {{Everything you wanted to know about Markov State Models but were afraid to ask}},
	url = {http://dx.doi.org/10.1016/j.ymeth.2010.06.002},
	volume = {52},
	year = {2010},
	Bdsk-Url-1 = {http://dx.doi.org/10.1016/j.ymeth.2010.06.002}}

@article{WilkinsonExpansionTransplantation,
	author = {Wilkinson, Adam C and Ishida, Reiko and Kikuchi, Misako and Sudo, Kazuhiro and Morita, Maiko and Crisostomo, Ralph Valentine and Yamamoto, Ryo and Loh, Kyle M and Nakamura, Yukio and Watanabe, Motoo and Nakauchi, Hiromitsu and Yamazaki, Satoshi},
	doi = {10.1038/s41586-019-1244-x},
	issn = {1476-4687},
	journal = {Nature},
	publisher = {Springer US},
	title = {{expansion allows nonconditioned transplantation}},
	url = {http://dx.doi.org/10.1038/s41586-019-1244-x},
	Bdsk-Url-1 = {http://dx.doi.org/10.1038/s41586-019-1244-x}}

@article{Narayanan2012ExploringMixing,
	author = {Narayanan, Ranjani and Zhu, Li and Velmurugu, Yogambigai and Roca, Jorjethe and Kuznetsov, Serguei V. and Prehna, Gerd and Lapidus, Lisa J. and Ansari, Anjum},
	doi = {10.1021/ja301218e},
	issn = {00027863},
	journal = {Journal of the American Chemical Society},
	number = {46},
	pages = {18952--18963},
	title = {{Exploring the energy landscape of nucleic acid hairpins using laser temperature-jump and microfluidic mixing}},
	volume = {134},
	year = {2012},
	Bdsk-Url-1 = {https://doi.org/10.1021/ja301218e}}

@article{Schmitt2013ExploringSurface,
	author = {Schmitt, Terry J. and Rogers, J. Brandon and Knotts IV, Thomas A.},
	doi = {10.1063/1.4775480},
	issn = {00219606},
	journal = {Journal of Chemical Physics},
	number = {3},
	title = {{Exploring the mechanisms of DNA hybridization on a surface}},
	volume = {138},
	year = {2013},
	Bdsk-Url-1 = {https://doi.org/10.1063/1.4775480}}

@article{Li2017ExtendedOperator,
	arxivid = {1707.00225},
	author = {Li, Qianxiao and Dietrich, Felix and Bollt, Erik M. and Kevrekidis, Ioannis G.},
	doi = {10.1063/1.4993854},
	issn = {10541500},
	journal = {Chaos},
	number = {10},
	pages = {1--25},
	pmid = {29092410},
	title = {{Extended dynamic mode decomposition with dictionary learning: A data-driven adaptive spectral decomposition of the koopman operator}},
	volume = {27},
	year = {2017},
	Bdsk-Url-1 = {https://doi.org/10.1063/1.4993854}}

@article{Finn2019ExtensiveOrganization,
	author = {Finn, Elizabeth H and Pegoraro, Gianluca and Dekker, Job and Mirny, Leonid and Misteli, Tom and Valton, Anne-laure and Oomen, Marlies E and Dekker, Job and Mirny, Leonid and Misteli, Tom},
	doi = {10.1016/j.cell.2019.01.020},
	pages = {1502--1515},
	title = {{Extensive Heterogeneity and Intrinsic Variation in Spatial Genome Organization Article Extensive Heterogeneity and Intrinsic Variation in Spatial Genome Organization}},
	year = {2019},
	Bdsk-Url-1 = {https://doi.org/10.1016/j.cell.2019.01.020}}

@article{Xiao-qing2012FabricationScaffold,
	author = {Xiao-qing, Wang and Qi-hui, Chen and Yu-chuan, H O U and Zhi-hua, L U and Jing-hai, H U and Hai-feng, Zhang},
	keywords = {-05-912-04, 2012, article id 1005-9040, crosslinking, degradable, electrospin, lactic-co-glycolic acid, poly, urethral scaffold},
	number = {50973043},
	pages = {912--915},
	title = {{Fabrication , Crosslinking and in vitro Biocompatibility of a Novel Degradable Nano-structure Urethral Tubular Scaffold}},
	volume = {28},
	year = {2012}}

@article{Weinan2005Finite,
	author = {Weinan, E and Ren, Weiqing and Vanden-eijnden, Eric},
	doi = {10.1021/jp0455430},
	pages = {6688--6693},
	title = {{Finite Temperature String Method for the Study of Rare Events †}},
	year = {2005},
	Bdsk-Url-1 = {https://doi.org/10.1021/jp0455430}}

@article{Rothemund2006FoldingPatterns,
	author = {Rothemund, Paul W.K.},
	doi = {10.1038/nature04586},
	issn = {00280836},
	journal = {Nature},
	number = {7082},
	pages = {297--302},
	pmid = {16541064},
	title = {{Folding DNA to create nanoscale shapes and patterns}},
	volume = {440},
	year = {2006},
	Bdsk-Url-1 = {https://doi.org/10.1038/nature04586}}

@article{AllenForwardSimulations,
	arxivid = {arXiv:0906.4758v2},
	author = {Allen, Rosalind J and Valeriani, Chantal and Rein, Pieter},
	pages = {1--40},
	title = {{Forward Flux Sampling for rare event simulations}}}

@article{Segler2018GeneratingNetworks,
	author = {Segler, Marwin H S and Kogej, Thierry and Tyrchan, Christian and Waller, Mark P},
	doi = {10.1021/acscentsci.7b00512},
	title = {{Generating Focused Molecule Libraries for Drug Discovery with Recurrent Neural Networks}},
	year = {2018},
	Bdsk-Url-1 = {https://doi.org/10.1021/acscentsci.7b00512}}

@article{Kienle2018GraftingBrushes,
	author = {Kienle, Daniel F and Kaar, Joel L and Schwartz, Daniel K},
	doi = {10.1021/acsmacrolett.8b00004},
	pages = {4--9},
	title = {{Grafting Density Impacts Local Nanoscale Hydrophobicity in Poly(ethylene glycol) Brushes}},
	year = {2018},
	Bdsk-Url-1 = {https://doi.org/10.1021/acsmacrolett.8b00004}}

@article{Xie2019GraphMaterials,
	arxivid = {1902.06836},
	author = {Xie, Tian and France-Lanord, Arthur and Wang, Yanming and Shao-Horn, Yang and Grossman, Jeffrey C.},
	doi = {10.1038/s41467-019-10663-6},
	isbn = {4146701910},
	issn = {20411723},
	journal = {Nature Communications},
	number = {1},
	publisher = {Springer US},
	title = {{Graph dynamical networks for unsupervised learning of atomic scale dynamics in materials}},
	url = {http://dx.doi.org/10.1038/s41467-019-10663-6},
	volume = {10},
	year = {2019},
	Bdsk-Url-1 = {http://dx.doi.org/10.1038/s41467-019-10663-6}}

@article{Kirchdoerfer2020HaltingPolymerase,
	author = {Kirchdoerfer, Robert N.},
	doi = {10.1074/jbc.H120.013397},
	issn = {1083351X},
	journal = {Journal of Biological Chemistry},
	number = {15},
	pages = {4780--4781},
	title = {{Halting coronavirus polymerase}},
	volume = {295},
	year = {2020},
	Bdsk-Url-1 = {https://doi.org/10.1074/jbc.H120.013397}}

@article{Limoli2015HHSAccess,
	author = {Limoli, Dominique H and Jones, Christopher J and Wozniak, Daniel J and Cruz, Santa},
	doi = {10.1128/microbiolspec.MB-0011-2014.Bacterial},
	number = {3},
	pages = {1--30},
	title = {{HHS Public Access}},
	volume = {3},
	year = {2015},
	Bdsk-Url-1 = {https://doi.org/10.1128/microbiolspec.MB-0011-2014.Bacterial}}

@article{Lynn2018HHSAccess,
	author = {Lynn, Geoffrey M and Laga, Richard and Darrah, Patricia A and Ishizuka, Andrew S and Balaci, Alexandra J and Dulcey, Andr{\'e}s E and Pechar, Michal and Pola, Robert and Gerner, Michael Y and Yamamoto, Ayako and Buechler, Connor R and Quinn, Kylie M and Smelkinson, Margery G and Cawood, Ryan and Hills, Thomas and Vasalatiy, Olga and Kastenmuller, Kathrin and Joseph, R and Stutts, Lalisa and Tom, Janine K and Ryu, Keun Ah and Esser-kahn, Aaron P and Fisher, Kerry D and Seymour, Leonard W and Seder, Robert A},
	doi = {10.1038/nbt.3371.In},
	number = {11},
	pages = {1201--1210},
	title = {{HHS Public Access}},
	volume = {33},
	year = {2018},
	Bdsk-Url-1 = {https://doi.org/10.1038/nbt.3371.In}}

@article{Nguyen2018HiddenTrading,
	author = {Nguyen, Nguyet},
	doi = {10.3390/ijfs6020036},
	issn = {2227-7072},
	journal = {International Journal of Financial Studies},
	keywords = {hidden markov model, model validation, observations, out-of-sample r 2, predictions, regimes, states, stock prices, trading},
	number = {2},
	pages = {36},
	title = {{Hidden Markov Model for Stock Trading}},
	volume = {6},
	year = {2018},
	Bdsk-Url-1 = {https://doi.org/10.3390/ijfs6020036}}

@article{Mursyidto2014HinkleyThesis,
	arxivid = {arXiv:1011.1669v3},
	author = {Mursyidto, Muhammad Imam},
	doi = {10.4324/9781315853178},
	isbn = {9781317920908},
	issn = {08445621},
	journal = {Implementation Science},
	keywords = {(), *Anxiety, *Coping Behavior, *Foreign Language Translation, *Major Depression, *Psychometrics, *Strategies, *Stress, - job stress, 2050, 2060, 4090, 53000, Acidente Vascular Cerebral, Administrative Procedure Act, Adoption, Alta do Paciente, Assist{\^{e}}ncia ao Convalescente, Auer deference, Bacteriophages, Best practices, Bibliometric analysis, Bioeconomy, Biological techniques, Buletin @ JPA Edisi 2 (Mei - Ogos 2018), CRISPR, CRISPR-Cas9, CRISPR/Cas systems, Canonical correlation analysis, Carbon, Cas9, Causes, Chevron deference, China, Chronic illness, Circular Economy, Circular economy, Civil servants, Civil-Servant, Computer Science {\&} IT, Confirmatory factor analysis, Conjugative plasmids, Construction phase, Counselling, DNA cleavage, DNA repeats, DSTI/CP(2018)5/FINAL, Deambula{\c{c}}{\~{a}}o Precoce, Decision making, Decisionmaking, Depression, Disease management, Drug delivery, ECONOMICS, Educa{\c{c}}{\~{a}}o de Pacientes como Assunto, Ego depletion, Evaluation, Evidence, Evidence-based practice, Expert decisionmaking, Falsafah Pendidikan Islam, Genetics, Genome engineering, Green economy, Guias de Pr{\'{a}}tica Cl{\'{i}}nica como Assunto, Guide RNA, HCP, HPD28, History, Homologous recombination, Humanos, Implementation, Implementering, Industrial economics, Industrial water treatment, Job stress, Job-Related Tension Index, Job-related tension, KBAT, Laporan Sistem Pengurusan Audit Nilai (SPAN) Perkh, Lateral gene transfer, Legal realism, Lincolin Arsyad, Low-carbon development, MEDICAL/types of practice, Maintenance, Medicina Baseada em Evid{\^{e}}ncias, Mental depletion, Mental health, Motivacion para el aprendizaje, Mutagenesis, Overview, PAM, Pathogenicity, Pedagogi, Petrochemical industry, Petrochemical refinery, Petrochemicals, Policy framework, Prevalence., Prokaryotic evolution, Prospective, Reabilita{\c{c}}{\~{a}}o do Acidente Vascular Cerebral, Reach, Recupera{\c{c}}{\~{a}}o de Fun{\c{c}}{\~{a}}o Fisiol{\'{o}}gica, Refining, Research, Review, Sistem Pengurusan Audit Nilai (SPAN), Sludge treatment, Streptococcus pyogenes, Stress, Stroke, Sustainability, Sustainability management, Su{\'{e}}cia, Systematic literature review, Test Validity, Wastewater treatment, ZDP, administrative common law, administrative law, akan timbul pertanyaan apakah, anxiety, apren-, aprendizaje escolar, assessment of health care needs, bahasa malaysia, bio-based, budget credibility, budget deviations, cas9, civil servants, constitutional interpretation, constructivismo, continuity of patient care, counterproductive work behaviour, crispr, dan sosial budaya, depression, depressive, deviations from enacted budget, di antara aspek yang, dizaje escolar, endothelium, enfoques socioculturales, estrogen, estrogen receptors, evidence use, financial distress, financial knowledge, financial literacy, financial management, fracaso escolar, fracaso escolar., gene targeting, genome editing, genome engineering, government sector, h{\"{a}}lsofr{\"{a}}mjan, icle, implementera metoder, jika kita menggunakan indikator, job, kesehatan, konsumsi, level of stress, long-term care, malay, mechanism, off-target, paramedics in public hospital, pekerjaan, pendidikan, perumahan, populasi, potential pitfalls, productivity, psicolog{\'{i}}a educacional, psychological health problems, public policy, quality of life, referral and consultation, reliability, renewable, sapj code, satisfaction, sering digunakan sebagai indikator, service delivery, sgRNA, stress, stroke rehabilitation, structure, target specificity, ukuran kesejahteraan adalah pendapatan, validation, validity, vascular smooth muscle, what works, work, work environment problems, work ethic, EP{$\Psi$}{$\Sigma$}-A{$\Gamma$}A{$\Pi$}H},
	number = {1},
	pages = {1--15},
	pmid = {20056882},
	title = {{Hinkley Thesis}},
	url = {http://dx.doi.org/10.1016/j.biochi.2015.03.025%0Ahttp://dx.doi.org/10.1038/nature10402%0Ahttp://dx.doi.org/10.1038/nature21059%0Ahttp://journal.stainkudus.ac.id/index.php/equilibrium/article/view/1268/1127%0Ahttp://dx.doi.org/10.1038/nrmicro2577%0Ahttp://},
	volume = {39},
	year = {2014},
	Bdsk-Url-1 = {http://dx.doi.org/10.1016/j.biochi.2015.03.025%0Ahttp://dx.doi.org/10.1038/nature10402%0Ahttp://dx.doi.org/10.1038/nature21059%0Ahttp://journal.stainkudus.ac.id/index.php/equilibrium/article/view/1268/1127%0Ahttp://dx.doi.org/10.1038/nrmicro2577%0Ahttp://},
	Bdsk-Url-2 = {http://dx.doi.org/10.4324/9781315853178}}

@article{Https://techcrunch.com/2016/12/01/neurotrack-takes-brain-scans-home/,
	title = {{https://techcrunch.com/2016/12/01/neurotrack-takes-brain-scans-home/}}}

@article{Https://www.overleaf.com/project/5e820b28d741e00001b1ccac1,
	pages = {1--33},
	title = {{https://www.overleaf.com/project/5e820b28d741e00001b1ccac 1}}}

@article{Https://Www.Overleaf.Com/Project/5E820B28D741E00001B1Ccac1b,
	pages = {1--33},
	title = {{Https://Www.Overleaf.Com/Project/5E820B28D741E00001B1Ccac 1}}}

@article{Https://www.prnewswire.com/news-releases/neurotrack-raises-21m-in-series-c-funding-300865632.html,
	title = {{https://www.prnewswire.com/news-releases/neurotrack-raises-21m-in-series-c-funding-300865632.html}}}

@article{Villanueva-flores2019IRelease,
	author = {Villanueva-flores, Francisca and Miranda-herna, Margarita and Porras-sanjuanico, Alberto},
	doi = {10.1007/s10853-019-03402-1},
	isbn = {1085301903402},
	pages = {7867--7882},
	title = {{I F E S sciences for life Poly ( vinyl alcohol co-vinyl acetate ) as a novel scaffold for mammalian cell culture and controlled drug release}},
	year = {2019},
	Bdsk-Url-1 = {https://doi.org/10.1007/s10853-019-03402-1}}

@article{Paul2019IdentificationDynamics,
	arxivid = {1811.12551},
	author = {Paul, Fabian and Wu, Hao and Vossel, Maximilian and De Groot, Bert L. and No{\'{e}}, Frank},
	doi = {10.1063/1.5083627},
	issn = {00219606},
	journal = {Journal of Chemical Physics},
	number = {16},
	pmid = {31042914},
	title = {{Identification of kinetic order parameters for non-equilibrium dynamics}},
	url = {http://dx.doi.org/10.1063/1.5083627},
	volume = {150},
	year = {2019},
	Bdsk-Url-1 = {http://dx.doi.org/10.1063/1.5083627}}

@article{McGibbon2017IdentificationDynamics,
	arxivid = {1602.08776},
	author = {McGibbon, Robert T. and Husic, Brooke E. and Pande, Vijay S.},
	doi = {10.1063/1.4974306},
	issn = {00219606},
	journal = {Journal of Chemical Physics},
	keywords = {molecular dynamics, reaction coordinate, sparsity},
	number = {4},
	pages = {1--18},
	pmid = {28147508},
	title = {{Identification of simple reaction coordinates from complex dynamics}},
	volume = {146},
	year = {2017},
	Bdsk-Url-1 = {https://doi.org/10.1063/1.4974306}}

@article{Manna2018ImmunomodulationRupture,
	author = {Manna, Saikat and Howitz, William J and Oldenhuis, Nathan J and Eldredge, Alexander C and Shen, Jingjing and Nihesh, Fnu Naorem and Lodoen, Melissa B and Guan, Zhibin and Esser-kahn, Aaron P},
	doi = {10.1021/acscentsci.8b00218},
	issn = {2374-7943},
	journal = {ACS Central Science},
	pages = {982--995},
	publisher = {American Chemical Society},
	title = {{Immunomodulation of the NLRP3 Inflammasome through Structure-Based Activator Design and Functional Regulation via Lysosomal Rupture}},
	volume = {4},
	year = {2018},
	Bdsk-Url-1 = {https://doi.org/10.1021/acscentsci.8b00218}}

@article{Selling2007ImpactFibers,
	author = {Selling, Gordon W. and Biswas, Atanu and Patel, Alpa and Walls, Dennis J. and Dunlap, Christopher and Wei, Yen},
	doi = {10.1002/macp.200700056},
	isbn = {1022-1352},
	issn = {10221352},
	journal = {Macromolecular Chemistry and Physics},
	keywords = {Birefringence, Electrospinning, Fibers, Orientation, Zein},
	number = {9},
	pages = {1002--1010},
	title = {{Impact of solvent on electrospinning of zein and analysis of resulting fibers}},
	volume = {208},
	year = {2007},
	Bdsk-Url-1 = {https://doi.org/10.1002/macp.200700056}}

@article{Weber2018ImplicationsSimulation,
	author = {Weber, Marcus},
	doi = {10.3390/computation6010020},
	issn = {20793197},
	journal = {Computation},
	keywords = {Invariant subspace, Membership function, Robust perron cluster analysis},
	number = {1},
	pages = {1--16},
	title = {{Implications of PCCA+ in molecular simulation}},
	volume = {6},
	year = {2018},
	Bdsk-Url-1 = {https://doi.org/10.3390/computation6010020}}

@article{Spasic2018ImprovingModel,
	author = {Spasic, Aleksandar and Berger, Kyle D. and Chen, Jonathan L. and Seetin, Matthew G. and Turner, Douglas H. and Mathews, David H.},
	doi = {10.1093/nar/gky270},
	issn = {13624962},
	journal = {Nucleic Acids Research},
	number = {10},
	pages = {4883--4892},
	pmid = {29718397},
	publisher = {Oxford University Press},
	title = {{Improving RNA nearest neighbor parameters for helices by going beyond the two-state model}},
	volume = {46},
	year = {2018},
	Bdsk-Url-1 = {https://doi.org/10.1093/nar/gky270}}

@article{Senior1988InfluenceDuplexes,
	author = {Senior, Mary and Jones, Roger A. and Breslauer, Kenneth J.},
	doi = {10.1021/bi00410a053},
	issn = {15204995},
	journal = {Biochemistry},
	number = {10},
	pages = {3879--3885},
	title = {{Influence of Dangling Thymidine Residues on the Stability and Structure of Two DNA Duplexes}},
	volume = {27},
	year = {1988},
	Bdsk-Url-1 = {https://doi.org/10.1021/bi00410a053}}

@article{Ferreira2014InfluenceDistribution,
	author = {Ferreira, C C and Botelho, Gabriela and Correia, Daniela M and Ribeiro, Clarisse},
	doi = {10.1002/pen},
	title = {{Influence of Electrospinning Parameters on Poly ( hydroxybutyrate ) Electrospun Membranes Fiber Size and Distribution}},
	year = {2014},
	Bdsk-Url-1 = {https://doi.org/10.1002/pen}}

@article{Chen2007InfluenceHybridization,
	author = {Chen, Chunlai and Wang, Wenjuan and Wang, Zhang and Wei, Fang and Zhao, Xin Sheng},
	doi = {10.1093/nar/gkm177},
	issn = {03051048},
	journal = {Nucleic Acids Research},
	number = {9},
	pages = {2875--2884},
	pmid = {17430963},
	title = {{Influence of secondary structure on kinetics and reaction mechanism of DNA hybridization}},
	volume = {35},
	year = {2007},
	Bdsk-Url-1 = {https://doi.org/10.1093/nar/gkm177}}

@article{Chang2011InteractionsStudy,
	author = {Chang, Yuhua and Mclandsborough, Lynne and Mcclements, David Julian},
	doi = {10.1021/jf104299q},
	keywords = {interaction, isothermal titration calorimetry, itc, microelectrophoresis, pectin, {$\epsilon$} -polylysine},
	pages = {5579--5588},
	title = {{Interactions of a Cationic Antimicrobial ( {$\epsilon$} -Polylysine ) with an Anionic Biopolymer ( Pectin ): An Isothermal Titration Calorimetry , Microelectrophoresis , and Turbidity Study}},
	year = {2011},
	Bdsk-Url-1 = {https://doi.org/10.1021/jf104299q}}

@article{Acevedo2018InternationalProduction,
	author = {Acevedo, Francisca and Villegas, Pamela and Urtuvia, Viviana and Hermosilla, Jeyson and Navia, Rodrigo and Seeger, Michael},
	doi = {10.1016/j.ijbiomac.2017.08.066},
	issn = {0141-8130},
	journal = {International Journal of Biological Macromolecules},
	pages = {692--697},
	publisher = {Elsevier B.V.},
	title = {{International Journal of Biological Macromolecules Bacterial polyhydroxybutyrate for electrospun fiber production}},
	url = {https://doi.org/10.1016/j.ijbiomac.2017.08.066},
	volume = {106},
	year = {2018},
	Bdsk-Url-1 = {https://doi.org/10.1016/j.ijbiomac.2017.08.066}}

@article{Sanhueza2019InternationalScaffolds,
	author = {Sanhueza, Claudia and Acevedo, Francisca and Rocha, Sebastian and Villegas, Pamela and Seeger, Michael and Navia, Rodrigo},
	doi = {10.1016/j.ijbiomac.2018.11.068},
	issn = {0141-8130},
	journal = {International Journal of Biological Macromolecules},
	keywords = {Bacterial polyhydroxyalkanoates, Electrospinning, Fibers, Scaffolds, Tissue engineering, bacterial polyhydroxyalkanoates},
	pages = {102--110},
	publisher = {Elsevier B.V.},
	title = {{International Journal of Biological Macromolecules Polyhydroxyalkanoates as biomaterial for electrospun scaffolds}},
	url = {https://doi.org/10.1016/j.ijbiomac.2018.11.068},
	volume = {124},
	year = {2019},
	Bdsk-Url-1 = {https://doi.org/10.1016/j.ijbiomac.2018.11.068}}

@article{Kumar2017InternationalReview,
	author = {Kumar, Anuj and Han, Sung Soo},
	doi = {10.1080/00914037.2016.1190930},
	issn = {0091-4037},
	journal = {International Journal of Polymeric Materials and Polymeric Biomaterials},
	keywords = {Cells, PVA, cells, crosslinking, hydrogels, scaffolds, tissue engineering},
	number = {4},
	pages = {159--182},
	publisher = {Taylor {\&} Francis},
	title = {{International Journal of Polymeric Materials and PVA-based hydrogels for tissue engineering : A review}},
	url = {http://dx.doi.org/10.1080/00914037.2016.1190930},
	volume = {66},
	year = {2017},
	Bdsk-Url-1 = {http://dx.doi.org/10.1080/00914037.2016.1190930}}

@article{Wang2018IntrinsicallyArray,
	author = {Wang, Sihong and Xu, Jie and Wang, Weichen and Wang, Ging-ji Nathan and Rastak, Reza and Molina-lopez, Francisco and Chung, Jong Won and Niu, Simiao and Feig, Vivian R and Lopez, Jeffery and Lei, Ting and Kwon, Soon-ki and Kim, Yeongin and Foudeh, Amir M and Ehrlich, Anatol and Gasperini, Andrea and Yun, Youngjun and Murmann, Boris and Tok, Jeffery B and Bao, Zhenan},
	doi = {10.1038/nature25494},
	issn = {0028-0836},
	journal = {Nature Publishing Group},
	number = {7694},
	pages = {83--88},
	publisher = {Nature Publishing Group},
	title = {{intrinsically stretchable transistor array}},
	url = {http://dx.doi.org/10.1038/nature25494},
	volume = {555},
	year = {2018},
	Bdsk-Url-1 = {http://dx.doi.org/10.1038/nature25494}}

@article{Egele2005InvestigationSequences,
	author = {{\'{E}}gel{\'{e}}, Caroline and Schaub, Emmanuel and Pi{\'{e}}mont, {\'E}tienne and de Rocquigny, Hugues and M{\'{e}}ly, Yves},
	doi = {10.1016/j.crvi.2005.06.005},
	issn = {16310691},
	journal = {Comptes Rendus - Biologies},
	keywords = {Fluorescence correlation spectroscopy, Fraying, Kissing complexes, Stem-loop, Time-resolved fluorescence},
	number = {12},
	pages = {1041--1051},
	pmid = {16314282},
	title = {{Investigation by fluorescence correlation spectroscopy of the chaperoning interactions of HIV-1 nucleocapsid protein with the viral DNA initiation sequences}},
	volume = {328},
	year = {2005},
	Bdsk-Url-1 = {https://doi.org/10.1016/j.crvi.2005.06.005}}

@article{Kadokawa2013IonicChitin,
	author = {Kadokawa, Jun-ichi},
	doi = {10.4236/gsc.2013.32A003},
	keywords = {chitin, composite material, derivatization, ionic liquid, nanofiber},
	number = {May},
	pages = {19--25},
	title = {{Ionic Liquid as Useful Media for Dissolution , Derivatization , and Nanomaterial Processing of Chitin}},
	volume = {2013},
	year = {2013},
	Bdsk-Url-1 = {https://doi.org/10.4236/gsc.2013.32A003}}

@article{Muppalaneni2013JournalPerspective,
	author = {Muppalaneni, Srinath and Omidian, Hossein},
	doi = {10.4172/2329-6631.1000112},
	keywords = {Biomedical use, Cryogel, Hydrogel, Pharmaceutical use, Polyvinyl alcohol, cryogel, hydrogel, pharmaceutical, polyvinyl alcohol},
	number = {3},
	title = {{Journal of Developing Drugs Polyvinyl Alcohol in Medicine and Pharmacy : A Perspective}},
	volume = {2},
	year = {2013},
	Bdsk-Url-1 = {https://doi.org/10.4172/2329-6631.1000112}}

@misc{KerasGithub.Com,
	title = {{Keras @ Github.Com}},
	url = {https://github.com/fchollet/keras},
	Bdsk-Url-1 = {https://github.com/fchollet/keras}}

@article{Yin2011KineticsHybridization,
	author = {Yin, Yandong and Zhao, Xin Sheng},
	doi = {10.1021/ar200068j},
	issn = {00014842},
	journal = {Accounts of Chemical Research},
	number = {11},
	pages = {1172--1181},
	title = {{Kinetics and dynamics of DNA hybridization}},
	volume = {44},
	year = {2011},
	Bdsk-Url-1 = {https://doi.org/10.1021/ar200068j}}

@article{Wyer2014KineticsAT-tracts,
	author = {Wyer, Jean Ann and Kristensen, Mads Bejder and Jones, Nykola C. and Hoffmann, S{\o}ren Vr{\o}nning and Nielsen, Steen Br{\o}ndsted},
	doi = {10.1039/c4cp02252a},
	issn = {14639076},
	journal = {Physical Chemistry Chemical Physics},
	number = {35},
	pages = {18827--18839},
	pmid = {25078080},
	title = {{Kinetics of DNA duplex formation: A-tracts versus AT-tracts}},
	volume = {16},
	year = {2014},
	Bdsk-Url-1 = {https://doi.org/10.1039/c4cp02252a}}

@article{Wetmur1968KineticsDNA,
	author = {Wetmur, James G. and Davidson, Norman},
	doi = {10.1016/0022-2836(68)90414-2},
	issn = {00222836},
	journal = {Journal of Molecular Biology},
	number = {3},
	pages = {349--370},
	pmid = {5637197},
	title = {{Kinetics of renaturation of DNA}},
	volume = {31},
	year = {1968},
	Bdsk-Url-1 = {https://doi.org/10.1016/0022-2836(68)90414-2}}

@article{Harrigan2017LandmarkDynamics,
	author = {Harrigan, Matthew P and Pande, Vijay S},
	number = {c},
	title = {{Landmark Kernel tICA for Conformational Dynamics}},
	year = {2017}}

@article{Williams1989LaserDGCATGC,
	author = {Williams, Alison P. and Longfellow, Carl E. and Freier, Susan M. and Kierzek, Ryszard and Turner, Douglas H.},
	doi = {10.1021/bi00436a025},
	issn = {15204995},
	journal = {Biochemistry},
	number = {10},
	pages = {4283--4291},
	pmid = {2765487},
	title = {{Laser Temperature-Jump, Spectroscopic, and Thermodynamic Study of Salt Effects on Duplex Formation by dGCATGC}},
	volume = {28},
	year = {1989},
	Bdsk-Url-1 = {https://doi.org/10.1021/bi00436a025}}

@article{Araque2016LatticeCooperativity,
	author = {Araque, J. C. and Robert, M. A.},
	doi = {10.1063/1.4943577},
	issn = {00219606},
	journal = {Journal of Chemical Physics},
	number = {12},
	pmid = {27036478},
	title = {{Lattice model of oligonucleotide hybridization in solution. II. Specificity and cooperativity}},
	url = {http://dx.doi.org/10.1063/1.4943577},
	volume = {144},
	year = {2016},
	Bdsk-Url-1 = {http://dx.doi.org/10.1063/1.4943577}}

@article{Menssen2019Length-DependentSpectroscopy,
	author = {Menssen, Ryan J and Tokmako, Andrei},
	doi = {10.1021/acs.jpcb.8b09487},
	title = {{Length-Dependent Melting Kinetics of Short DNA Oligonucleotides Using Temperature-Jump IR Spectroscopy}},
	year = {2019},
	Bdsk-Url-1 = {https://doi.org/10.1021/acs.jpcb.8b09487}}

@article{Kells2018LimitingModels,
	author = {Kells, Adam and Annibale, Alessia and Rosta, Edina},
	doi = {10.1063/1.5027203},
	issn = {00219606},
	journal = {Journal of Chemical Physics},
	number = {7},
	pmid = {30134666},
	title = {{Limiting relaxation times from Markov state models}},
	url = {http://dx.doi.org/10.1063/1.5027203},
	volume = {149},
	year = {2018},
	Bdsk-Url-1 = {http://dx.doi.org/10.1063/1.5027203}}

@article{Ohmichi2002LongStability,
	author = {Ohmichi, Tatsuo and Nakano, Shu-ichi and Miyoshi, Daisuke and Sugimoto, Naoki},
	doi = {10.1021/ja0255406},
	number = {17},
	pages = {10367--10372},
	title = {{Long RNA Dangling End Has Large Energetic Contribution to Duplex Stability}},
	year = {2002},
	Bdsk-Url-1 = {https://doi.org/10.1021/ja0255406}}

@article{FergusonMachineEngineering,
	author = {Ferguson, Andrew L},
	publisher = {IOP Publishing},
	title = {{Machine learning and data science in soft materials engineering}}}

@article{Thurston2018MachineABSTRACT,
	author = {Thurston, Bryce A and Ferguson, Andrew L and Thurston, Bryce A and Ferguson, Andrew L},
	doi = {10.1080/08927022.2018.1469754},
	issn = {0892-7022},
	journal = {Molecular Simulation},
	keywords = {{$\pi$} -conjugated oligopeptides},
	number = {May},
	pages = {1--16},
	publisher = {Taylor {\&} Francis},
	title = {{Machine learning and molecular design of self- assembling -conjugated oligopeptides ABSTRACT}},
	url = {https://doi.org/10.1080/08927022.2018.1469754},
	volume = {7022},
	year = {2018},
	Bdsk-Url-1 = {https://doi.org/10.1080/08927022.2018.1469754}}

@article{Sidky2020MachineSimulation,
	author = {Sidky, Hythem and Chen, Wei and Ferguson, Andrew L.},
	doi = {10.1080/00268976.2020.1737742},
	issn = {13623028},
	journal = {Molecular Physics},
	keywords = {collective variables, deep learning, enhanced sampling, machine learning, molecular simulation},
	number = {5},
	publisher = {Taylor {\&} Francis},
	title = {{Machine learning for collective variable discovery and enhanced sampling in biomolecular simulation}},
	volume = {118},
	year = {2020},
	Bdsk-Url-1 = {https://doi.org/10.1080/00268976.2020.1737742}}

@article{Noe2020MachineSimulation,
	arxivid = {1911.02792},
	author = {No{\'{e}}, Frank and Tkatchenko, Alexandre and M{\"{u}}ller, Klaus-Robert and Clementi, Cecilia},
	doi = {10.1146/annurev-physchem-042018-052331},
	issn = {0066-426X},
	journal = {Annual Review of Physical Chemistry},
	keywords = {coarse graining, kinetics, machine learning, mechanics, molecular simulation, neural networks, quantum},
	number = {1},
	pages = {361--390},
	title = {{Machine Learning for Molecular Simulation}},
	volume = {71},
	year = {2020},
	Bdsk-Url-1 = {https://doi.org/10.1146/annurev-physchem-042018-052331}}

@article{Lee2016MappingLearning,
	author = {Lee, Ernest Y and Fulan, Benjamin M and Wong, Gerard C L and Ferguson, Andrew L},
	doi = {10.1073/pnas.1609893113},
	number = {48},
	title = {{Mapping membrane activity in undiscovered peptide sequence space using machine learning}},
	volume = {113},
	year = {2016},
	Bdsk-Url-1 = {https://doi.org/10.1073/pnas.1609893113}}

@article{Phys2018MarkovValidation,
	author = {Phys, J Chem and Prinz, Jan-hendrik and Wu, Hao and Sarich, Marco and Keller, Bettina and Senne, Martin and Held, Martin and Chodera, John D and Sch{\"{u}}tte, Christof and No{\'{e}}, Frank and Prinz, Jan-hendrik and Wu, Hao and Sarich, Marco and Keller, Bettina and Senne, Martin and Held, Martin and Chodera, John D and Sch{\"{u}}tte, Christof and No{\'{e}}, Frank},
	doi = {10.1063/1.3565032},
	number = {August 2010},
	title = {{Markov models of molecular kinetics : Generation and validation Markov models of molecular kinetics : Generation and validation}},
	volume = {174105},
	year = {2018},
	Bdsk-Url-1 = {https://doi.org/10.1063/1.3565032}}

@article{Phys2011MarkovValidation,
	author = {Phys, J Chem and Prinz, Jan-hendrik and Wu, Hao and Sarich, Marco and Keller, Bettina and Senne, Martin and Held, Martin and Chodera, John D and Sch{\"{u}}tte, Christof and No{\'{e}}, Frank and Prinz, Jan-hendrik and Wu, Hao and Sarich, Marco and Keller, Bettina and Senne, Martin and Held, Martin and Chodera, John D and Sch{\"{u}}tte, Christof and No{\'{e}}, Frank},
	doi = {10.1063/1.3565032},
	number = {February 2011},
	title = {{Markov models of molecular kinetics : Generation and validation Markov models of molecular kinetics : Generation and validation}},
	volume = {174105},
	year = {2011},
	Bdsk-Url-1 = {https://doi.org/10.1063/1.3565032}}

@article{Husic2018MarkovScience,
	author = {Husic, Brooke E and Pande, Vijay S},
	doi = {10.1021/jacs.7b12191},
	title = {{Markov State Models : From an Art to a Science}},
	year = {2018},
	Bdsk-Url-1 = {https://doi.org/10.1021/jacs.7b12191}}

@article{Schutte2011MarkovMilestoning,
	author = {Schutte, Christof and No{\'{e}}, Frank and Lu, Jianfeng and Sarich, Marco and Vanden-Eijnden, Eric},
	doi = {10.1063/1.3590108},
	issn = {00219606},
	journal = {Journal of Chemical Physics},
	number = {20},
	pmid = {21639422},
	title = {{Markov state models based on milestoning}},
	volume = {134},
	year = {2011},
	Bdsk-Url-1 = {https://doi.org/10.1063/1.3590108}}

@article{Nuske2017MarkovBias,
	arxivid = {1701.01665},
	author = {N{\"{u}}ske, Feliks and Wu, Hao and Prinz, Jan Hendrik and Wehmeyer, Christoph and Clementi, Cecilia and No{\'{e}}, Frank},
	doi = {10.1063/1.4976518},
	issn = {00219606},
	journal = {Journal of Chemical Physics},
	number = {9},
	title = {{Markov state models from short non-equilibrium simulations - Analysis and correction of estimation bias}},
	url = {http://dx.doi.org/10.1063/1.4976518},
	volume = {146},
	year = {2017},
	Bdsk-Url-1 = {http://dx.doi.org/10.1063/1.4976518}}

@article{McGibbon2015MDTraj:Trajectories,
	author = {McGibbon, Robert T. and Beauchamp, Kyle A. and Harrigan, Matthew P. and Klein, Christoph and Swails, Jason M. and Hern{\'{a}}ndez, Carlos X. and Schwantes, Christian R. and Wang, Lee Ping and Lane, Thomas J. and Pande, Vijay S.},
	doi = {10.1016/j.bpj.2015.08.015},
	issn = {15420086},
	journal = {Biophysical Journal},
	number = {8},
	pages = {1528--1532},
	pmid = {26488642},
	title = {{MDTraj: A Modern Open Library for the Analysis of Molecular Dynamics Trajectories}},
	volume = {109},
	year = {2015},
	Bdsk-Url-1 = {https://doi.org/10.1016/j.bpj.2015.08.015}}

@article{Sridhar1991MeasurementSolutions,
	author = {Sridhar, T. and Tirtaatmadja, V. and Nguyen, D. A. and Gupta, R. K.},
	doi = {10.1016/0377-0257(91)87012-M},
	isbn = {0377-0257},
	issn = {03770257},
	journal = {Journal of Non-Newtonian Fluid Mechanics},
	keywords = {extensional viscosity, filament stretching, polyisobutylene, polymer solutions, stress growth},
	number = {3},
	pages = {271--280},
	title = {{Measurement of extensional viscosity of polymer solutions}},
	volume = {40},
	year = {1991},
	Bdsk-Url-1 = {https://doi.org/10.1016/0377-0257(91)87012-M}}

@article{Chen2019MeasuringMethod,
	author = {Chen, Yuan I. and Chang, Yin Jui and Nguyen, Trung Duc and Liu, Cong and Phillion, Stephanie and Kuo, Yu An and Vu, Huong T. and Liu, Angela and Liu, Yen Liang and Hong, Soonwoo and Ren, Pengyu and Yankeelov, Thomas E. and Yeh, Hsin Chih},
	doi = {10.1021/jacs.9b08036},
	issn = {15205126},
	journal = {Journal of the American Chemical Society},
	number = {40},
	pages = {15747--15750},
	title = {{Measuring DNA Hybridization Kinetics in Live Cells Using a Time-Resolved 3D Single-Molecule Tracking Method}},
	volume = {141},
	year = {2019},
	Bdsk-Url-1 = {https://doi.org/10.1021/jacs.9b08036}}

@article{Mohaptra2016MechanicallyUltrasound,
	author = {Mohaptra, Hemakesh and Kleiman, Maya},
	doi = {10.1038/nchem.2633},
	number = {October},
	title = {{Mechanically controlled radical polymerization initiated by ultrasound}},
	year = {2016},
	Bdsk-Url-1 = {https://doi.org/10.1038/nchem.2633}}

@book{Bankar2018MicrobialAttention,
	author = {Bankar, Sandip B and Nimbalkar, Pranhita R and Chavan, Prakash V and Singhal, Rekha S},
	booktitle = {Role of Materials Science in Food Bioengineering},
	doi = {10.1016/B978-0-12-811448-3/00012-7},
	isbn = {9780128114483},
	keywords = {biopolymer, cyanophycin, poly-ɛ-lysine, poly-{$\gamma$}-glutamic acid, polyamino acids},
	pages = {0},
	publisher = {Elsevier Inc.},
	title = {{Microbial Polyamino Acids : An Overview for Commercial Attention}},
	url = {http://dx.doi.org/10.1016/B978-0-12-811448-3/00012-7},
	year = {2018},
	Bdsk-Url-1 = {http://dx.doi.org/10.1016/B978-0-12-811448-3/00012-7}}

@article{Shih2006MicrobialApplications,
	author = {Shih, Ing-lung and Shen, Ming-haw},
	doi = {10.1016/j.biortech.2004.08.012},
	keywords = {e -pl, industrial application, microbial production, poly- e -lysine},
	pages = {1148--1159},
	title = {{Microbial synthesis of poly ( e -lysine ) and its various applications}},
	volume = {97},
	year = {2006},
	Bdsk-Url-1 = {https://doi.org/10.1016/j.biortech.2004.08.012}}

@article{Puppi2016MicrostructuredScaffolds,
	author = {Puppi, Dario and Morelli, Andrea and Bartoli, Cristina and Pasini, Dario},
	doi = {10.1177/0883911516631355},
	number = {August},
	title = {{Microstructured chitosan / poly ( {$\gamma$} -glutamic acid ) polyelectrolyte complex hydrogels by computer-aided wet-spinning for biomedical three-dimensional scaffolds}},
	year = {2016},
	Bdsk-Url-1 = {https://doi.org/10.1177/0883911516631355}}

@article{Cudjoe2017MiscanthusNanocrystals,
	author = {Cudjoe, Elvis and Hunsen, Mo and Xue, Zhaojun and Way, Amanda E and Barrios, Elizabeth and Olson, Rebecca A and Hore, Michael J A and Rowan, Stuart J},
	doi = {10.1016/j.carbpol.2016.08.049},
	issn = {0144-8617},
	journal = {Carbohydrate Polymers},
	pages = {230--241},
	publisher = {Elsevier Ltd.},
	title = {{Miscanthus Giganteus : A commercially viable sustainable source of cellulose nanocrystals}},
	url = {http://dx.doi.org/10.1016/j.carbpol.2016.08.049},
	volume = {155},
	year = {2017},
	Bdsk-Url-1 = {http://dx.doi.org/10.1016/j.carbpol.2016.08.049}}

@article{Maiti2019Mitigation,
	author = {Maiti, Sampa and Manna, Saikat and Shen, Jingjing and Esser-kahn, Aaron P and Du, Wenjun},
	doi = {10.1021/jacs.8b12205},
	title = {{Mitigation of Hydrophobicity-Induced Immunotoxicity by Sugar Poly ( orthoesters ) Mitigation of Hydrophobicity-Induced Immunotoxicity by Sugar Poly ( orthoesters )}},
	year = {2019},
	Bdsk-Url-1 = {https://doi.org/10.1021/jacs.8b12205}}

@article{Porschke1974ModelReaction,
	author = {P{\"{o}}rschke, Dietmar},
	doi = {10.1016/0301-4622(74)80028-1},
	issn = {03014622},
	journal = {Biophysical Chemistry},
	number = {2},
	pages = {83--96},
	title = {{Model calculations on the kinetics of oligonucleotide double helix coil transitions. Evidence for a fast chain sliding reaction}},
	volume = {2},
	year = {1974},
	Bdsk-Url-1 = {https://doi.org/10.1016/0301-4622(74)80028-1}}

@article{Schwantes2015ModelingTrick,
	author = {Schwantes, Christian R and Pande, Vijay S},
	doi = {10.1021/ct5007357},
	title = {{Modeling Molecular Kinetics with tICA and the Kernel Trick}},
	year = {2015},
	Bdsk-Url-1 = {https://doi.org/10.1021/ct5007357}}

@article{Sikora2013ModelingIntermediates,
	author = {Sikora, Jacqueline R. and Rauzan, Brittany and Stegemann, Rachel and Deckert, Alice},
	doi = {10.1021/jp404550a},
	issn = {15206106},
	journal = {Journal of Physical Chemistry B},
	number = {30},
	pages = {8966--8976},
	title = {{Modeling stopped-flow data for nucleic acid duplex formation reactions: The importance of off-path intermediates}},
	volume = {117},
	year = {2013},
	Bdsk-Url-1 = {https://doi.org/10.1021/jp404550a}}

@article{ChicagoMolecularSimulation,
	author = {Chicago, U and Kofke, D},
	title = {{Molecular / Materials Modelling I Module III -- Monte Carlo Simulation}}}

@misc{Adleman1994MolecularProblems,
	author = {Adleman, Leonard},
	booktitle = {Science},
	pages = {1021--1024},
	title = {{Molecular Computation of Solutions to Combinatorial Problems}},
	volume = {266},
	year = {1994}}

@article{Samantray2020MolecularNetworks,
	author = {Samantray, Suman and Schumann, Wibke and Illig, Alexander-maurice and Paul, Arghadwip},
	keywords = {amyloid aggregation, amyloid oligomers, md simulations, transition networks},
	pages = {1--34},
	title = {{Molecular dynamics simulations of protein aggregation : protocols for simulation setup and analysis with Markov state models and transition networks}},
	year = {2020}}

@article{Chen2018MolecularExploration,
	author = {Chen, Wei and Ferguson, Andrew L},
	doi = {10.1002/jcc.25520},
	pages = {2079--2102},
	title = {{Molecular Enhanced Sampling with Autoencoders : On-The- Fly Collective Variable Discovery and Accelerated Free Energy Landscape Exploration}},
	year = {2018},
	Bdsk-Url-1 = {https://doi.org/10.1002/jcc.25520}}

@article{Chen2018MolecularExplorationb,
	author = {Chen, Wei and Ferguson, Andrew L},
	doi = {10.1002/jcc.25520},
	pages = {2079--2102},
	title = {{Molecular Enhanced Sampling with Autoencoders : On-The- Fly Collective Variable Discovery and Accelerated Free Energy Landscape Exploration}},
	year = {2018},
	Bdsk-Url-1 = {https://doi.org/10.1002/jcc.25520}}

@article{Fleetwood2020MolecularLearning,
	author = {Fleetwood, Oliver and Kasimova, Marina A. and Westerlund, Annie M. and Delemotte, Lucie},
	doi = {10.1016/j.bpj.2019.12.016},
	issn = {15420086},
	journal = {Biophysical Journal},
	number = {3},
	pages = {765--780},
	pmid = {31952811},
	publisher = {Biophysical Society},
	title = {{Molecular Insights from Conformational Ensembles via Machine Learning}},
	url = {https://doi.org/10.1016/j.bpj.2019.12.016},
	volume = {118},
	year = {2020},
	Bdsk-Url-1 = {https://doi.org/10.1016/j.bpj.2019.12.016}}

@article{Wu2017MolecularChains,
	author = {Wu, Qiong and Rauscher, Phillip M and Lang, Xiaolong and Wojtecki, Rudy J and Pablo, Juan J De and Hore, Michael J A and Rowan, Stuart J},
	number = {December},
	pages = {1434--1439},
	title = {{molecular interlocked chains}},
	volume = {1},
	year = {2017}}

@article{Sidky2020MolecularSimulators,
	arxivid = {2007.00728},
	author = {Sidky, Hythem and Chen, Wei and Ferguson, Andrew L.},
	number = {Md},
	title = {{Molecular Latent Space Simulators}},
	url = {http://arxiv.org/abs/2007.00728},
	year = {2020},
	Bdsk-Url-1 = {http://arxiv.org/abs/2007.00728}}

@article{Hoefert2011MolecularOligonucleotides,
	author = {Hoefert, Moritz Julian and Sambriski, Edward John and Jos{\'{e}} De Pablo, Juan},
	doi = {10.1039/c0sm00729c},
	issn = {1744683X},
	journal = {Soft Matter},
	keywords = {transition},
	number = {2},
	pages = {560--566},
	title = {{Molecular pathways in DNA-DNA hybridization of surface-bound oligonucleotides}},
	volume = {7},
	year = {2011},
	Bdsk-Url-1 = {https://doi.org/10.1039/c0sm00729c}}

@article{Schneider1978Molecular-dynamicsTransitions,
	author = {Schneider, T. and Stoll, E.},
	doi = {10.1103/PhysRevB.17.1302},
	issn = {01631829},
	journal = {Physical Review B},
	number = {3},
	pages = {1302--1322},
	title = {{Molecular-dynamics study of a three-dimensional one-component model for distortive phase transitions}},
	volume = {17},
	year = {1978},
	Bdsk-Url-1 = {https://doi.org/10.1103/PhysRevB.17.1302}}

@article{Patel2017MorphologyPolymer,
	author = {Patel, Shrayesh N and Glaudell, Anne M and Peterson, Kelly A and Thomas, Elayne M and Hara, Kathryn A O and Lim, Eunhee and Chabinyc, Michael L},
	number = {June},
	pages = {24--26},
	title = {{Morphology controls the thermoelectric power factor of a doped semiconducting polymer}},
	year = {2017}}

@article{Wang2012NanoscaleElectronics,
	author = {Wang, Sihong and Lin, Long and Wang, Zhong Lin},
	doi = {10.1021/nl303573d},
	keywords = {4 toward wireless, and multifunction desperately needs, development of independent and, devices 1, energy harvesting, lithium ion battery, maintenance-free power, portability, rapid expansion of electronic, self-powered system, the, triboelectric nanogenerator},
	title = {{Nanoscale Triboelectric-E ff ect-Enabled Energy Conversion for Sustainably Powering Portable Electronics}},
	year = {2012},
	Bdsk-Url-1 = {https://doi.org/10.1021/nl303573d}}

@article{Loyer2014NaturalNanoca,
	author = {Loyer, Pascal and Cammas-marion, Sandrine and Loyer, Pascal and Cammas-marion, Sandrine},
	doi = {10.3109/1061186X.2014.936871},
	keywords = {degradable polymers, drug, drug delivery systems, malic acid, nanoparticles, poly, polymer conjugates, targeting},
	title = {{Natural and synthetic poly ( malic acid ) -based derivates : a family of versatile biopolymers for the design of drug nanocarriers Natural and synthetic poly ( malic acid ) -based derivates : a family of versatile biopolymers for the design of drug nanoca}},
	volume = {2330},
	year = {2014},
	Bdsk-Url-1 = {https://doi.org/10.3109/1061186X.2014.936871}}

@article{Allawi1998NearestDNA,
	author = {Allawi, Hatim T. and SantaLucia, John},
	doi = {10.1021/bi9724873},
	issn = {00062960},
	journal = {Biochemistry},
	number = {8},
	pages = {2170--2179},
	title = {{Nearest neighbor thermodynamic parameters for internal G{\textperiodcentered}A mismatches in DNA}},
	volume = {37},
	year = {1998},
	Bdsk-Url-1 = {https://doi.org/10.1021/bi9724873}}

@article{MhatreV,
	arxivid = {NIHMS150003},
	author = {Mhatre V. Ho, Ji-Ann Lee, and Kelsey C. Martin},
	date-modified = {2020-11-23 14:49:13 -0600},
	doi = {10.1038/jid.2014.371},
	isbn = {6176321972},
	issn = {15378276},
	journal = {Bone},
	keywords = {epiblast, gfp fusion, histone h2b-, icm, lineage specification, live imaging, mouse blastocyst, pdgfr {$\alpha$}, primitive endoderm},
	number = {1},
	pages = {1--7},
	pmid = {1000000221},
	title = {{NIH Public Access}},
	url = {https://www.ncbi.nlm.nih.gov/pmc/articles/PMC3624763/pdf/nihms412728.pdf},
	volume = {23},
	year = {2012},
	Bdsk-Url-1 = {https://www.ncbi.nlm.nih.gov/pmc/articles/PMC3624763/pdf/nihms412728.pdf},
	Bdsk-Url-2 = {https://doi.org/10.1038/jid.2014.371}}

@article{Gomez2018Nitrogen-dopedPaclitaxel,
	author = {Gomez, I. Jennifer and Arnaiz, Blanca and Cacioppo, Michele and Arcudi, Francesca and Prato, Maurizio},
	doi = {10.1039/x0xx00000x},
	issn = {2050750X},
	journal = {Journal of Materials Chemistry B},
	number = {35},
	pages = {5664--5670},
	title = {{Nitrogen-doped Carbon Nanodots for bioimaging and delivery of paclitaxel}},
	volume = {6},
	year = {2018},
	Bdsk-Url-1 = {https://doi.org/10.1039/x0xx00000x}}

@article{2018NoTitle,
	number = {December},
	title = {{No Title}},
	year = {2018}}

@article{Chen2019NonlinearVAMPnets,
	arxivid = {1902.03336},
	author = {Chen, Wei and Sidky, Hythem and Ferguson, Andrew L.},
	doi = {10.1063/1.5092521},
	issn = {00219606},
	journal = {Journal of Chemical Physics},
	number = {21},
	pmid = {31176319},
	title = {{Nonlinear discovery of slow molecular modes using state-free reversible VAMPnets}},
	url = {http://dx.doi.org/10.1063/1.5092521},
	volume = {150},
	year = {2019},
	Bdsk-Url-1 = {http://dx.doi.org/10.1063/1.5092521}}

@article{Chen2010NovelDisintegration,
	author = {Chen, Po Hui and Kuo, Ting Yun and Kuo, Jen Yuan and Tseng, Yen Po and Wang, Da Ming and Lai, Juin Yih and Hsieh, Hsyue Jen},
	doi = {10.1016/j.carbpol.2010.06.057},
	isbn = {0144-8617},
	issn = {01448617},
	journal = {Carbohydrate Polymers},
	keywords = {Chitosan, Disintegration, Ionic crosslinking, Pectin, Polyelectrolyte complex (PEC)},
	number = {4},
	pages = {1236--1242},
	publisher = {Elsevier Ltd.},
	title = {{Novel chitosan-pectin composite membranes with enhanced strength, hydrophilicity and controllable disintegration}},
	url = {http://dx.doi.org/10.1016/j.carbpol.2010.06.057},
	volume = {82},
	year = {2010},
	Bdsk-Url-1 = {http://dx.doi.org/10.1016/j.carbpol.2010.06.057}}

@article{Lin2018NovelBeef,
	author = {Lin, Lin and Gu, Yulei and Cui, Haiying},
	doi = {10.1016/j.fpsl.2018.08.004},
	issn = {2214-2894},
	journal = {Food Packaging and Shelf Life},
	keywords = {Beef, Food packaging, Gelatin-glycerin-{$\epsilon$}-Poly-lysine nanofibers, Listeria monocytogenes, Mechanical properties, fi bers, gelatin-glycerin- {$\epsilon$} -poly-lysine nano, mechanical properties},
	number = {July},
	pages = {21--30},
	publisher = {Elsevier},
	title = {{Novel electrospun gelatin-glycerin- {$\epsilon$} -Poly-lysine nano fi bers for controlling Listeria monocytogenes on beef}},
	url = {https://doi.org/10.1016/j.fpsl.2018.08.004},
	volume = {18},
	year = {2018},
	Bdsk-Url-1 = {https://doi.org/10.1016/j.fpsl.2018.08.004}}

@article{Pietrucci2018NovelStructures,
	author = {Pietrucci, Fabio},
	doi = {10.1007/978-3-319-42913-7{\_}51-1},
	isbn = {9783319429137},
	journal = {Handbook of Materials Modeling},
	pages = {1--23},
	title = {{Novel Enhanced Sampling Strategies for Transitions Between Ordered and Disordered Structures}},
	year = {2018},
	Bdsk-Url-1 = {https://doi.org/10.1007/978-3-319-42913-7%7B%5C_%7D51-1}}

@article{2015OligonucleotideInterfaces,
	title = {{Oligonucleotide Dynamics and Hybridization at Solid-Liquid Interfaces}},
	year = {2015}}

@article{Supaphol2008OnRevisit,
	author = {Supaphol, Pitt and Chuangchote, Surawut},
	doi = {10.1002/app},
	keywords = {electrospinning, nanofibers, poly, vinyl alcohol},
	title = {{On the Electrospinning of Poly ( vinyl alcohol ) Nanofiber Mats : A Revisit}},
	year = {2008},
	Bdsk-Url-1 = {https://doi.org/10.1002/app}}

@article{Lu2020OpenAWSEMSummary,
	author = {Lu, Wei and Bueno, Carlos and Schafer, Nicholas P and Moller, Joshua and Jin, Shikai and Chen, Xun and Chen, Mingchen and Gu, Xinyu and Pablo, Juan J De and Peter, G},
	pages = {1--21},
	title = {{OpenAWSEM with Open3SPN2 : a fast , flexible , and accessible framework for large-scale coarse-grained biomolecular simulations Author summary}},
	year = {2020}}

@article{Aasland1988OptimalProbes,
	author = {Aasland, Rein},
	keywords = {dna melting, hybridization, nucleic acids, oligonucleotide synthesis, slot blot},
	pages = {193--202},
	title = {{Optimal Conditions for Hybridization A Study with myc-Oncogene with Oligonucleotides : DNA Probes}},
	volume = {202},
	year = {1988}}

@article{Koltai2018OptimalDynamics,
	author = {Koltai, P{\'e}ter},
	doi = {10.3390/computation6010022},
	keywords = {coherent set, extended dynamic mode decomposition, koopman operator, markov state model, metastability, molecular dynamics, non-equilibrium, transfer operator},
	pages = {1--23},
	title = {{Optimal Data-Driven Estimation of Generalized Markov State Models for Non-Equilibrium Dynamics}},
	year = {2018},
	Bdsk-Url-1 = {https://doi.org/10.3390/computation6010022}}

@article{Amiri2018OptimizationDiameter,
	author = {Amiri, Nafise and Rozbeh, Zohreh and Afrough, Toktam and Abolghasem, Sayyed and Tabassi, Sajadi and Moradi, Ali},
	keywords = {Electrospinning,Chitosan,Gelatin,Nanofibrous membr, aqueous solvent, chitosan, electrospinning, gelatin, nanofibrous membrane},
	pages = {778--789},
	publisher = {BioNanoScience},
	title = {{Optimization of Chitosan-Gelatin Nanofibers Production : Investigating the Effect of Solution Properties and Working Parameters on Fibers Diameter}},
	year = {2018}}

@article{Husic2016OptimizedFolding,
	author = {Husic, Brooke E. and McGibbon, Robert T. and Sultan, Mohammad M. and Pande, Vijay S.},
	doi = {10.1063/1.4967809},
	issn = {00219606},
	journal = {Journal of Chemical Physics},
	number = {19},
	pages = {1--8},
	title = {{Optimized parameter selection reveals trends in Markov state models for protein folding}},
	url = {http://dx.doi.org/10.1063/1.4967809},
	volume = {145},
	year = {2016},
	Bdsk-Url-1 = {http://dx.doi.org/10.1063/1.4967809}}

@article{Manuscript2014OptimizingHybridization,
	author = {Manuscript, Author},
	doi = {10.1038/nchem.1246.Optimizing},
	number = {3},
	pages = {208--214},
	title = {{Optimizing the specificity of nucleic acid hybridization}},
	volume = {4},
	year = {2014},
	Bdsk-Url-1 = {https://doi.org/10.1038/nchem.1246.Optimizing}}

@article{Moomand2014OxidativeBres,
	author = {Moomand, Khalid and Lim, Loong-tak},
	doi = {10.1016/j.foodres.2014.03.054},
	issn = {0963-9969},
	journal = {FRIN},
	keywords = {ATR--FTIR, Electrospinning, FOX assay, Omega-3, Oxidation, Zein},
	pages = {523--532},
	publisher = {Elsevier Ltd},
	title = {{Oxidative stability of encapsulated fi sh oil in electrospun zein fi bres}},
	url = {http://dx.doi.org/10.1016/j.foodres.2014.03.054},
	volume = {62},
	year = {2014},
	Bdsk-Url-1 = {http://dx.doi.org/10.1016/j.foodres.2014.03.054}}

@article{Bazan2012PhageImmunotherapy,
	author = {Bazan, Justyna and Ca{\l}kosi{\'{n}}ski, Ireneusz and Gamian, Andrzej},
	keywords = {antibody libraries, autoimmune diseases, effective molecular diversity techniques, immune-diagnostics, is, neurological disorders, on a direct linkage, one of the most, phage display, this technology is based, transfusion medicine, tumor targeting},
	number = {December},
	pages = {1817--1828},
	title = {{Phage display --- A powerful technique for immunotherapy}},
	year = {2012}}

@article{BussiPLUMED,
	arxivid = {arXiv:1812.08213v1},
	author = {Bussi, Giovanni and Tribello, Gareth A},
	keywords = {collective variables, enhanced sampling, free energy, plumed, replica exchange, wham},
	pages = {1--48},
	title = {{PLUMED}}}

@article{Ng2016PolyelectrolyteEngineering,
	author = {Ng, Wei Long and Yeong, Wai Yee and Naing, May Win},
	keywords = {2015, 3d printing, 50 nanyang avenue, accepted, additive manufacturing, aerospace engineering, bioprinting, correspondence to, december 17, december 29, edu, email, nanyang technological university, ntu, october 22, printing, published online, rapid prototyping, received, sc3dp, school of mechanical and, sg, singapore, singapore 639798, singapore centre for 3d, skin tissue engineering, wai yee yeong, wyyeong},
	title = {{Polyelectrolyte gelatin-chitosan hydrogel optimized for 3D bioprinting in skin tissue engineering}},
	year = {2016}}

@book{GutiPolymersApplications,
	author = {Guti, Tomy J},
	isbn = {9783319946245},
	title = {{Polymers for Food Applications}}}

@article{Della2019PolysaccharideScaffolds,
	author = {Della, Gioia and Gandin, Alessandro and Brigo, Laura and Panciera, Tito and Giulitti, Stefano and Sgarbossa, Paolo and Alessandro, Delfo D and Trombi, Luisa and Danti, Serena and Brusatin, Giovanna},
	doi = {10.1016/j.matdes.2018.107566},
	issn = {0264-1275},
	journal = {Materials {\&} Design},
	keywords = {3D printing, Biomaterials, Hydrogel, Mesenchymal stromal cells, Polysaccharide, Pullulan, Two photon laser lithography},
	pages = {107566},
	publisher = {The Author(s)},
	title = {{Polysaccharide hydrogels for multiscale 3D printing of pullulan scaffolds}},
	url = {https://doi.org/10.1016/j.matdes.2018.107566},
	volume = {165},
	year = {2019},
	Bdsk-Url-1 = {https://doi.org/10.1016/j.matdes.2018.107566}}

@article{Chang2020PotentialDocking,
	author = {Chang, Yu-chuan and Tung, Yi-an and Lee, Ko-han and Chen, Ting-fu and Hsiao, Yu-chun and Chang, Ching and Hsieh, Tsung-ting and Su, Chan-hung and Wang, Su-shia and Yu, Jheng-ying and Lin, Yu-hsiang and Lin, Yin-hung and Tu, Yi-chin Ethan and Tung, Chun-wei},
	doi = {10.20944/preprints202002.0242.v1},
	journal = {Virology Journal},
	number = {February},
	pages = {1--7},
	title = {{Potential therapeutic agents for COVID-19 based on the analysis of protease and RNA polymerase docking}},
	year = {2020},
	Bdsk-Url-1 = {https://doi.org/10.20944/preprints202002.0242.v1}}

@article{Andrabi2017PredictingSequences,
	author = {Andrabi, Munazah and Hutchins, Andrew Paul and Miranda-Saavedra, Diego and Kono, Hidetoshi and Nussinov, Ruth and Mizuguchi, Kenji and Ahmad, Shandar},
	doi = {10.1038/s41598-017-03199-6},
	issn = {20452322},
	journal = {Scientific Reports},
	number = {1},
	pages = {1--16},
	pmid = {28642456},
	publisher = {Springer US},
	title = {{Predicting conformational ensembles and genome-wide transcription factor binding sites from DNA sequences}},
	volume = {7},
	year = {2017},
	Bdsk-Url-1 = {https://doi.org/10.1038/s41598-017-03199-6}}

@article{Breslauert1986PredictingSequence,
	author = {Breslauert, Kenneth J and Franks, Ronald and Blockers, Helmut and Markyt, Luis A},
	number = {June},
	pages = {3746--3750},
	title = {{Predicting DNA duplex stability from the base sequence}},
	volume = {83},
	year = {1986}}

@article{Zhang2018PredictingSequence,
	author = {Zhang, Jinny X. and Fang, John Z. and Duan, Wei and Wu, Lucia R. and Zhang, Angela W. and Dalchau, Neil and Yordanov, Boyan and Petersen, Rasmus and Phillips, Andrew and Zhang, David Yu},
	doi = {10.1038/NCHEM.2877},
	issn = {17554349},
	journal = {Nature Chemistry},
	number = {1},
	pages = {91--98},
	publisher = {Nature Publishing Group},
	title = {{Predicting DNA hybridization kinetics from sequence}},
	url = {http://dx.doi.org/10.1038/nchem.2877},
	volume = {10},
	year = {2018},
	Bdsk-Url-1 = {http://dx.doi.org/10.1038/nchem.2877},
	Bdsk-Url-2 = {http://dx.doi.org/10.1038/NCHEM.2877}}

@article{Pinamonti2017PredictingModels,
	arxivid = {1612.07470},
	author = {Pinamonti, Giovanni and Zhao, Jianbo and Condon, David E. and Paul, Fabian and No{\`{e}}, Frank and Turner, Douglas H. and Bussi, Giovanni},
	doi = {10.1021/acs.jctc.6b00982},
	issn = {15499626},
	journal = {Journal of Chemical Theory and Computation},
	number = {2},
	pages = {926--934},
	title = {{Predicting the Kinetics of RNA Oligonucleotides Using Markov State Models}},
	volume = {13},
	year = {2017},
	Bdsk-Url-1 = {https://doi.org/10.1021/acs.jctc.6b00982}}

@article{Ko2007PreparationMembranes,
	author = {Ko, Young-gwang and Yoon, Kwan Han and Park, Chung and Sung, Moon-hee and Kwon, Oh Kyoung and Ahn, Chang Hyun and Kim, Young-jin and Kwon, Oh Hyeong},
	doi = {10.4028/www.scientific.net/KEM.342-343.225},
	keywords = {abstract, adhesion, and plga with different, anti-adhesion membrane, based nanofiber sheets were, electrospinning, electrospinning technique to evaluate, nanofiber, poly, prepared by using, prepared from poly, prevention of postoperative tissue, the ability of the, the anti-adhesion membranes were, {$\gamma$} -glutamic acid, {$\gamma$} -pga},
	pages = {225--228},
	title = {{Preparation and Evaluation of Poly ( {$\gamma$} -glutamic acid ) -Based Anti-Adhesion Membranes}},
	year = {2007},
	Bdsk-Url-1 = {https://doi.org/10.4028/www.scientific.net/KEM.342-343.225}}

@article{Fengxia2012PreparationMembranes,
	author = {Fengxia, Liu and Yongjia, Liu and Hongli, Cai and Jiashuang, Luan and Mei, Zhang},
	doi = {10.4028/www.scientific.net/AMR.466-467.391},
	keywords = {abstract, based fibrous membranes, characterized by, dsc, due to adding pva, fibers of zein can, from the results, it was found that, mechanical properties, morphology and mechanical properties, of novel electrospun zein, pva, sem, strong membrane, the electrospun, the fibrous membranes were, this paper describes the, turn into a new, zein},
	pages = {391--395},
	title = {{Preparation and Mechanical Properties of Zein / PVA Nanofibrous Membranes}},
	year = {2012},
	Bdsk-Url-1 = {https://doi.org/10.4028/www.scientific.net/AMR.466-467.391}}

@article{Yang2019PreparationOxidation,
	author = {Yang, Han and Zhang, Yefei and Kato, Ryo and Rowan, Stuart J},
	doi = {10.1016/j.carbpol.2019.02.008},
	issn = {0144-8617},
	journal = {Carbohydrate Polymers},
	keywords = {Cellulose nanocrystals, Cellulose nanofibers, Miscanthus x. Giganteus, Nanocellulose, Nanocomposites},
	number = {February},
	pages = {30--39},
	publisher = {Elsevier},
	title = {{Preparation of cellulose nano fi bers from Miscanthus x . Giganteus by ammonium persulfate oxidation}},
	url = {https://doi.org/10.1016/j.carbpol.2019.02.008},
	volume = {212},
	year = {2019},
	Bdsk-Url-1 = {https://doi.org/10.1016/j.carbpol.2019.02.008}}

@article{Haweel2008PreparationMaterial,
	author = {Haweel, Cecelia K and Ammar, Saad H},
	keywords = {alcoholysis reaction, coagulation, polyvinyl acetate emulsion, polyvinyl alcohol},
	number = {1},
	pages = {15--21},
	title = {{Preparation of Polyvinyl Alcohol from Local Raw Material}},
	volume = {9},
	year = {2008}}

@article{Nikolova2012ProbingSimulations,
	author = {Nikolova, Evgenia N. and Bascom, Gavin D. and Andricioaei, Ioan and Al-Hashimi, Hashim M.},
	doi = {10.1021/bi3009517},
	issn = {00062960},
	journal = {Biochemistry},
	number = {43},
	pages = {8654--8664},
	pmid = {23035755},
	title = {{Probing sequence-specific DNA flexibility in A-tracts and pyrimidine-purine steps by nuclear magnetic resonance 13C relaxation and molecular dynamics simulations}},
	volume = {51},
	year = {2012},
	Bdsk-Url-1 = {https://doi.org/10.1021/bi3009517}}

@article{Wu2018ProcessingMicrostructures,
	author = {Wu, Qinghua and Therriault, Daniel and Heuzey, Marie-claude},
	doi = {10.1021/acsbiomaterials.8b00415},
	issn = {2373-9878},
	journal = {ACS Biomaterials Science {\&} Engineering},
	keywords = {additive manufacturing, chitosan, high strength, hydrogel, microstructures},
	pages = {2643--2652},
	publisher = {American Chemical Society},
	title = {{Processing and Properties of Chitosan Inks for 3D Printing of Hydrogel Microstructures}},
	volume = {4},
	year = {2018},
	Bdsk-Url-1 = {https://doi.org/10.1021/acsbiomaterials.8b00415}}

@article{Shah2019ProgrammingFingerprinting,
	author = {Shah, Shalin and Dubey, Abhishek K. and Reif, John},
	doi = {10.1021/acs.nanolett.9b00590},
	issn = {15306992},
	journal = {Nano Letters},
	keywords = {DNA barcodes, DNA kinetics, TIRF, nanoscale fingerprinting, single-molecule imaging, temporal patterns},
	number = {4},
	pages = {2668--2673},
	title = {{Programming Temporal DNA Barcodes for Single-Molecule Fingerprinting}},
	volume = {19},
	year = {2019},
	Bdsk-Url-1 = {https://doi.org/10.1021/acs.nanolett.9b00590}}

@article{Shah2019ProgrammingFingerprintingb,
	author = {Shah, Shalin and Dubey, Abhishek K. and Reif, John},
	doi = {10.1021/acs.nanolett.9b00590},
	issn = {15306992},
	journal = {Nano Letters},
	keywords = {DNA barcodes, DNA kinetics, TIRF, nanoscale fingerprinting, single-molecule imaging, temporal patterns},
	number = {4},
	pages = {2668--2673},
	title = {{Programming Temporal DNA Barcodes for Single-Molecule Fingerprinting}},
	volume = {19},
	year = {2019},
	Bdsk-Url-1 = {https://doi.org/10.1021/acs.nanolett.9b00590}}

@article{Phys2013ProjectedMolecules,
	author = {Phys, J Chem},
	doi = {10.1063/1.4828816},
	number = {September},
	title = {{Projected and hidden Markov models for calculating kinetics and metastable states of complex molecules}},
	volume = {184114},
	year = {2013},
	Bdsk-Url-1 = {https://doi.org/10.1063/1.4828816}}

@article{Ricotti2012ProliferationScaffolds,
	author = {Ricotti, Leonardo and Taccola, Silvia and Ricotti, Leonardo and Polini, Alessandro and Genchi, Giada G and Ciofani, Gianni and Iandolo, Donata and Vaz, Helena and Mattoli, Virgilio},
	doi = {10.1088/1748-6041/7/3/035010},
	title = {{Proliferation and skeletal myotube formation capability of C2C12 and H9c2 cells on isotropic and anisotropic electrospun nanofibrous PHB scaffolds}},
	year = {2012},
	Bdsk-Url-1 = {https://doi.org/10.1088/1748-6041/7/3/035010}}

@article{Fink1998ProteinAmyloid,
	author = {Fink, Anthony L},
	pages = {9--23},
	title = {{Protein aggregation : folding aggregates , inclusion bodies and amyloid}},
	year = {1998}}

@article{Scherer2015PyEMMAModels,
	author = {Scherer, Martin K and Trendelkamp-schroer, Benjamin and Paul, Fabian and Pe, Guillermo and Ho, Moritz and Plattner, Nuria and Wehmeyer, Christoph and Prinz, Jan-hendrik and Noe, Frank},
	doi = {10.1021/acs.jctc.5b00743},
	title = {{PyEMMA 2: A Software Package for Estimation, Validation, and Analysis of Markov Models}},
	year = {2015},
	Bdsk-Url-1 = {https://doi.org/10.1021/acs.jctc.5b00743}}

@article{Perez2010Real-timeUnfolding,
	author = {Perez, Alberto and Orozco, Modesto},
	doi = {10.1002/anie.201000593},
	issn = {14337851},
	journal = {Angewandte Chemie - International Edition},
	keywords = {Conformation analysis, DNA, Molecular dynamics, Unfolding},
	number = {28},
	pages = {4805--4808},
	title = {{Real-time atomistic description of DNA unfolding}},
	volume = {49},
	year = {2010},
	Bdsk-Url-1 = {https://doi.org/10.1002/anie.201000593}}

@article{Jammalamadaka2018RecentEngineering,
	author = {Jammalamadaka, Udayabhanu and Tappa, Karthik},
	doi = {10.3390/jfb9010022},
	keywords = {additive manufacturing, bioinks, biomaterials, bioprinting, ceramics, composites, polymers, three-dimensional printing, tissue engineering},
	title = {{Recent Advances in Biomaterials for 3D Printing and Tissue Engineering}},
	year = {2018},
	Bdsk-Url-1 = {https://doi.org/10.3390/jfb9010022}}

@article{Potoyan2013RecentDNA,
	author = {Potoyan, Davit A. and Savelyev, Alexey and Papoian, Garegin A.},
	doi = {10.1002/wcms.1114},
	issn = {17590876},
	journal = {Wiley Interdisciplinary Reviews: Computational Molecular Science},
	number = {1},
	pages = {69--83},
	title = {{Recent successes in coarse-grained modeling of DNA}},
	volume = {3},
	year = {2013},
	Bdsk-Url-1 = {https://doi.org/10.1002/wcms.1114}}

@article{Topel2020ReconstructionSeries,
	arxivid = {2007.15774},
	author = {Topel, Maximilian and Ferguson, Andrew L.},
	doi = {10.1063/5.0024732},
	number = {November},
	publisher = {AIP Publishing, LLC},
	title = {{Reconstruction of Protein Structures from Single-Molecule Time Series}},
	url = {http://arxiv.org/abs/2007.15774},
	volume = {194102},
	year = {2020},
	Bdsk-Url-1 = {http://arxiv.org/abs/2007.15774},
	Bdsk-Url-2 = {https://doi.org/10.1063/5.0024732}}

@article{Shen2018RecurrentSites,
	author = {Shen, Zhen and Bao, Wenzheng and Huang, De Shuang},
	doi = {10.1038/s41598-018-33321-1},
	issn = {20452322},
	journal = {Scientific Reports},
	number = {1},
	pages = {1--10},
	publisher = {Springer US},
	title = {{Recurrent Neural Network for Predicting Transcription Factor Binding Sites}},
	url = {http://dx.doi.org/10.1038/s41598-018-33321-1},
	volume = {8},
	year = {2018},
	Bdsk-Url-1 = {http://dx.doi.org/10.1038/s41598-018-33321-1}}

@article{Wang2020RemdesivirTrial,
	author = {Wang, Yeming and Zhang, Dingyu and Du, Guanhua and Du, Ronghui and Zhao, Jianping and Jin, Yang and Fu, Shouzhi and Gao, Ling and Cheng, Zhenshun and Lu, Qiaofa and Hu, Yi and Luo, Guangwei and Wang, Ke and Lu, Yang and Li, Huadong and Wang, Shuzhen and Ruan, Shunan and Yang, Chengqing and Mei, Chunlin and Wang, Yi and Ding, Dan and Wu, Feng and Tang, Xin and Ye, Xianzhi and Ye, Yingchun and Liu, Bing and Yang, Jie and Yin, Wen and Wang, Aili and Fan, Guohui and Zhou, Fei and Liu, Zhibo and Gu, Xiaoying and Xu, Jiuyang and Shang, Lianhan and Zhang, Yi and Cao, Lianjun and Guo, Tingting and Wan, Yan and Qin, Hong and Jiang, Yushen and Jaki, Thomas and Hayden, Frederick G and Horby, Peter W and Cao, Bin and Wang, Chen},
	doi = {10.1016/S0140-6736(20)31022-9},
	issn = {01406736},
	journal = {The Lancet},
	number = {0},
	pages = {1569--1578},
	publisher = {Elsevier Ltd},
	title = {{Remdesivir in adults with severe COVID-19: a randomised, double-blind, placebo-controlled, multicentre trial}},
	url = {https://linkinghub.elsevier.com/retrieve/pii/S0140673620310229},
	volume = {0},
	year = {2020},
	Bdsk-Url-1 = {https://linkinghub.elsevier.com/retrieve/pii/S0140673620310229},
	Bdsk-Url-2 = {https://doi.org/10.1016/S0140-6736(20)31022-9}}

@article{OordRepresentationCoding,
	arxivid = {arXiv:1807.03748v2},
	author = {Oord, Aaron Van Den},
	title = {{Representation Learning with Contrastive Predictive Coding}}}

@article{Nieuwland2014ReprintProteins,
	author = {Nieuwland, M. and Geerdink, P. and Brier, P. and Van Den Eijnden, P. and Henket, Jolanda T.M.M. and Langelaan, Marloes L.P. and Stroeks, Niki and Van Deventer, Henk C. and Martin, Anneke H.},
	doi = {10.1016/j.ifset.2014.07.006},
	isbn = {1466-8564},
	issn = {14668564},
	journal = {Innovative Food Science and Emerging Technologies},
	keywords = {Carrier, Electrospinning, Food-grade, Gelatin, Proteins},
	pages = {138--144},
	publisher = {Elsevier Ltd},
	title = {{Reprint of "food-grade electrospinning of proteins"}},
	url = {http://dx.doi.org/10.1016/j.ifset.2013.09.004},
	volume = {24},
	year = {2014},
	Bdsk-Url-1 = {http://dx.doi.org/10.1016/j.ifset.2013.09.004},
	Bdsk-Url-2 = {http://dx.doi.org/10.1016/j.ifset.2014.07.006}}

@misc{ResolveMgetit.lib.umich.edu,
	title = {{resolve @ mgetit.lib.umich.edu}},
	url = {https://mgetit.lib.umich.edu/resolve?url_ver=Z39.88-2004&url_ctx_fmt=info:ofi/fmt:kev:mtx:ctx&rft.atitle=Review+of+the+oral+toxicity+of+polyvinyl+alcohol+%2528PVA%2529&rft.aufirst=CC&rft.aulast=DeMerlis&rft.date=2003&rft_id=info:doi/10.1016%252FS0278-6915%252802%25},
	Bdsk-Url-1 = {https://mgetit.lib.umich.edu/resolve?url_ver=Z39.88-2004&url_ctx_fmt=info:ofi/fmt:kev:mtx:ctx&rft.atitle=Review+of+the+oral+toxicity+of+polyvinyl+alcohol+%2528PVA%2529&rft.aufirst=CC&rft.aulast=DeMerlis&rft.date=2003&rft_id=info:doi/10.1016%252FS0278-6915%252802%25}}

@article{Ferguson2012ResourceDesign,
	author = {Ferguson, Andrew L and Mann, Jaclyn K and Omarjee, Saleha and Ndung, Thumbi and Walker, Bruce D},
	doi = {10.1016/j.immuni.2012.11.022},
	issn = {1074-7613},
	journal = {Immunity},
	number = {3},
	pages = {606--617},
	publisher = {Elsevier Inc.},
	title = {{Resource Translating HIV Sequences into Quantitative Fitness Landscapes Predicts Viral Vulnerabilities for Rational Immunogen Design}},
	url = {http://dx.doi.org/10.1016/j.immuni.2012.11.022},
	volume = {38},
	year = {2012},
	Bdsk-Url-1 = {http://dx.doi.org/10.1016/j.immuni.2012.11.022}}

@article{Butler2018ReviewScience,
	author = {Butler, Keith T and Daniel, W},
	doi = {10.1038/s41586-018-0337-2},
	issn = {1476-4687},
	journal = {Nature},
	publisher = {Springer US},
	title = {{Review Machine learning for molecular and materials science}},
	url = {http://dx.doi.org/10.1038/s41586-018-0337-2},
	year = {2018},
	Bdsk-Url-1 = {http://dx.doi.org/10.1038/s41586-018-0337-2}}

@article{ReviewPVA,
	title = {{Review of the oral toxicity of PVA}},
	url = {https://mgetit.lib.umich.edu/resolve?url_ver=Z39.88-2004&url_ctx_fmt=info:ofi/fmt:kev:mtx:ctx&rft.atitle=Review+of+the+oral+toxicity+of+polyvinyl+alcohol+%2528PVA%2529&rft.aufirst=CC&rft.aulast=DeMerlis&rft.date=2003&rft_id=info:doi/10.1016%252FS0278-6915%252802%25},
	Bdsk-Url-1 = {https://mgetit.lib.umich.edu/resolve?url_ver=Z39.88-2004&url_ctx_fmt=info:ofi/fmt:kev:mtx:ctx&rft.atitle=Review+of+the+oral+toxicity+of+polyvinyl+alcohol+%2528PVA%2529&rft.aufirst=CC&rft.aulast=DeMerlis&rft.date=2003&rft_id=info:doi/10.1016%252FS0278-6915%252802%25}}

@article{Pietrucci2017ReviewsAhead,
	author = {Pietrucci, Fabio},
	doi = {10.1016/j.revip.2017.05.001},
	issn = {2405-4283},
	journal = {Reviews in Physics},
	keywords = {Activated processes,Rare events,Free energy landsc},
	pages = {32--45},
	publisher = {Elsevier B.V.},
	title = {{Reviews in Physics Strategies for the exploration of free energy landscapes : Unity in diversity and challenges ahead}},
	url = {https://doi.org/10.1016/j.revip.2017.05.001},
	volume = {2},
	year = {2017},
	Bdsk-Url-1 = {https://doi.org/10.1016/j.revip.2017.05.001}}

@misc{S0379677913000374,
	title = {{S0379677913000374}}}

@misc{S03796779130003741,
	title = {{S0379677913000374 (1)}}}

@misc{S1046202312003106,
	title = {{S1046202312003106}}}

@article{Mechanics2020SapphireClustering,
	author = {Mechanics, Molecular},
	doi = {10.1021/acs.jctc.0c00604},
	pages = {0--39},
	title = {{Sapphire -based clustering}},
	year = {2020},
	Bdsk-Url-1 = {https://doi.org/10.1021/acs.jctc.0c00604}}

@article{Gao2006SecondaryComparison,
	author = {Gao, Yang and Wolf, Lauren K. and Georgiadis, Rosina M.},
	doi = {10.1093/nar/gkl422},
	issn = {03051048},
	journal = {Nucleic Acids Research},
	number = {11},
	pages = {3370--3377},
	pmid = {16822858},
	title = {{Secondary structure effects on DNA hybridization kinetics: A solution versus surface comparison}},
	volume = {34},
	year = {2006},
	Bdsk-Url-1 = {https://doi.org/10.1093/nar/gkl422}}

@article{Cordes2010SensingTransfer,
	author = {Cordes, Thorben and Santoso, Yusdi and Tomescu, Alexandra I. and Gryte, Kristofer and Hwang, Ling Chin and Camar{\'{a}}, Beatriz and Wigneshweraraj, Sivaramesh and Kapanidis, Achillefs N.},
	doi = {10.1021/bi101184g},
	issn = {00062960},
	journal = {Biochemistry},
	number = {43},
	pages = {9171--9180},
	pmid = {20818825},
	title = {{Sensing DNA opening in transcription using quenchable F{\"{o}}rster resonance energy transfer}},
	volume = {49},
	year = {2010},
	Bdsk-Url-1 = {https://doi.org/10.1021/bi101184g}}

@article{Morrison1993SensitiveSolution,
	author = {Morrison, Larry E. and Stols, Lucy M.},
	doi = {10.1021/bi00063a022},
	issn = {15204995},
	journal = {Biochemistry},
	number = {12},
	pages = {3095--3104},
	pmid = {8457571},
	title = {{Sensitive Fluorescence-Based Thermodynamic and Kinetic Measurements of DNA Hybridization in Solution}},
	volume = {32},
	year = {1993},
	Bdsk-Url-1 = {https://doi.org/10.1021/bi00063a022}}

@article{Morrison1993SensitiveSolutionb,
	author = {Morrison, Larry E. and Stols, Lucy M.},
	doi = {10.1021/bi00063a022},
	issn = {15204995},
	journal = {Biochemistry},
	number = {12},
	pages = {3095--3104},
	pmid = {8457571},
	title = {{Sensitive Fluorescence-Based Thermodynamic and Kinetic Measurements of DNA Hybridization in Solution}},
	volume = {32},
	year = {1993},
	Bdsk-Url-1 = {https://doi.org/10.1021/bi00063a022}}

@article{Molgedey1994SeparationCorrelations,
	author = {Molgedey, L. and Schuster, H. G.},
	doi = {10.1103/PhysRevLett.72.3634},
	issn = {00319007},
	journal = {Physical Review Letters},
	number = {23},
	pages = {3634--3637},
	title = {{Separation of a mixture of independent signals using time delayed correlations}},
	volume = {72},
	year = {1994},
	Bdsk-Url-1 = {https://doi.org/10.1103/PhysRevLett.72.3634}}

@article{Tomasula2016Short1,
	author = {Tomasula, P.M. and Sousa, A.M.M. and Liou, S.-C. and Li, R. and Bonnaillie, L.M. and Liu, L.S.},
	doi = {10.3168/jds.2015-10374},
	issn = {00220302},
	journal = {Journal of Dairy Science},
	number = {3},
	pages = {1837--1845},
	pmid = {26805973},
	title = {{Short communication: Electrospinning of casein/pullulan blends for food-grade applications 1}},
	url = {http://linkinghub.elsevier.com/retrieve/pii/S0022030216000758},
	volume = {99},
	year = {2016},
	Bdsk-Url-1 = {http://linkinghub.elsevier.com/retrieve/pii/S0022030216000758},
	Bdsk-Url-2 = {https://doi.org/10.3168/jds.2015-10374}}

@article{Rudnizky2018Single-moleculeContext,
	author = {Rudnizky, Sergei and Khamis, Hadeel and Malik, Omri and Squires, Allison H. and Meller, Amit and Melamed, Philippa and Kaplan, Ariel},
	doi = {10.1093/nar/gkx1252},
	issn = {13624962},
	journal = {Nucleic Acids Research},
	number = {3},
	pages = {1513--1524},
	pmid = {29253225},
	publisher = {Oxford University Press},
	title = {{Single-molecule DNA unzipping reveals asymmetric modulation of a transcription factor by its binding site sequence and context}},
	volume = {46},
	year = {2018},
	Bdsk-Url-1 = {https://doi.org/10.1093/nar/gkx1252}}

@article{Dupuis2013Single-moleculeHelices,
	author = {Dupuis, Nicholas F. and Holmstrom, Erik D. and Nesbitt, David J.},
	doi = {10.1016/j.bpj.2013.05.061},
	issn = {15420086},
	journal = {Biophysical Journal},
	number = {3},
	pages = {756--766},
	pmid = {23931323},
	publisher = {Biophysical Society},
	title = {{Single-molecule kinetics reveal cation-promoted DNA duplex formation through ordering of single-stranded helices}},
	url = {http://dx.doi.org/10.1016/j.bpj.2013.05.061},
	volume = {105},
	year = {2013},
	Bdsk-Url-1 = {http://dx.doi.org/10.1016/j.bpj.2013.05.061}}

@article{Squires2019Single-moleculeProtein,
	author = {Squires, Allison H. and Dahlberg, Peter D. and Liu, Haijun and Magdaong, Nikki Cecil M. and Blankenship, Robert E. and Moerner, W. E.},
	doi = {10.1038/s41467-019-09084-2},
	issn = {20411723},
	journal = {Nature Communications},
	number = {1},
	pmid = {30862823},
	publisher = {Springer US},
	title = {{Single-molecule trapping and spectroscopy reveals photophysical heterogeneity of phycobilisomes quenched by Orange Carotenoid Protein}},
	url = {http://dx.doi.org/10.1038/s41467-019-09084-2},
	volume = {10},
	year = {2019},
	Bdsk-Url-1 = {http://dx.doi.org/10.1038/s41467-019-09084-2}}

@article{LeeSnail-likeBers,
	author = {Lee, Jaemin and Park, Tae-hong and Lee, Kyung Jin and Lahann, Joerg},
	pages = {73--78},
	title = {{Snail-like Particles from Compartmentalized Microfi bers}}}

@article{Sharma2020SoftCompartment,
	author = {Sharma, Bineet and Ma, Yutao and Ferguson, Andrew L and Liu, Allen P},
	doi = {10.1039/d0sm01644f},
	publisher = {Royal Society of Chemistry},
	title = {{Soft Matter In search of a novel chassis material for synthetic cells : emergence of synthetic peptide compartment}},
	year = {2020},
	Bdsk-Url-1 = {https://doi.org/10.1039/d0sm01644f}}

@article{Editors2017SpecialPolymers,
	author = {Editors, Guest and Bryan, Prof and Purdue, W Boudouris and Shannon, Prof and Georgia, K Yee and Gordon, Madeleine P and Zaia, Edmond W and Zhou, Preston and Russ, Boris and Coates, Nelson E and Sahu, Ayaskanta and Urban, Jeffrey J and Fang, Haiyu and Popere, Bhooshan C and Thomas, Elayne M and Mai, Cheng-kang and Chang, William B and Bazan, Guillermo C and Michael, L and Patel, Shrayesh N and Chabinyc, Michael L},
	doi = {10.1002/app.44456},
	keywords = {10, 1002, 44403, accepted 22 august 2016, app, conducting polymers, doi, morphology, nanostructured polymers, received 1 july 2016},
	title = {{Special Issue : Structure , Properties and Applications of Thermoelectric Polymers Anisotropies and the thermoelectric properties of semiconducting polymers}},
	year = {2017},
	Bdsk-Url-1 = {https://doi.org/10.1002/app.44456}}

@article{Intercellular2016StickyThe,
	author = {Intercellular, Staphylococcal Polysaccharide},
	doi = {10.1021/acsnano.5b07515},
	keywords = {1, 2 bacterial, adhesion forces, and industry, atomic force microscopy, bio fi lm matrix, bio fi lms on, cells in a bio, fi lm produce a, he formation of microbial, major relevance to medicine, matrix of extracellular, polysaccharide intercellular adhesin, staphylococcus aureus, surfaces is of},
	title = {{Sticky Matrix : Adhesion Mechanism of the}},
	year = {2016},
	Bdsk-Url-1 = {https://doi.org/10.1021/acsnano.5b07515}}

@article{Michal2016Stimuli-ResponsivePolymer,
	author = {Michal, Brian T and Spencer, Emily J and Rowan, Stuart J},
	doi = {10.1021/acsami.6b01251},
	keywords = {adhesive, disul fi des, dynamic network, reversible, shape memory},
	title = {{Stimuli-Responsive Reversible Two-Level Adhesion from a Structurally Dynamic Shape-Memory Polymer}},
	year = {2016},
	Bdsk-Url-1 = {https://doi.org/10.1021/acsami.6b01251}}

@article{Johnston2006StretchedDecays,
	arxivid = {cond-mat/0609331},
	author = {Johnston, D. C.},
	doi = {10.1103/PhysRevB.74.184430},
	issn = {10980121},
	journal = {Physical Review B - Condensed Matter and Materials Physics},
	number = {18},
	pages = {1--7},
	title = {{Stretched exponential relaxation arising from a continuous sum of exponential decays}},
	volume = {74},
	year = {2006},
	Bdsk-Url-1 = {https://doi.org/10.1103/PhysRevB.74.184430}}

@article{Ferron2017StructuralRNA,
	author = {Ferron, Fran{\c c}ois and Subissi, Lorenzo and De Morais, Ana Theresa Silveira and Le, Nhung Thi Tuyet and Sevajol, Marion and Gluais, Laure and Decroly, Etienne and Vonrhein, Clemens and Bricogne, G{\'e}rard and Canard, Bruno and Imbert, Isabelle},
	doi = {10.1073/pnas.1718806115},
	issn = {10916490},
	journal = {Proceedings of the National Academy of Sciences of the United States of America},
	keywords = {Fold evolution, Proofreading, RNA virus, Ribavirin, Virus replication},
	number = {2},
	pages = {E162-E171},
	pmid = {29279395},
	title = {{Structural and molecular basis of mismatch correction and ribavirin excision from coronavirus RNA}},
	volume = {115},
	year = {2017},
	Bdsk-Url-1 = {https://doi.org/10.1073/pnas.1718806115}}

@article{Brubaker2018StructuralScission,
	author = {Brubaker, Kyle S and Kleiman, Maya and Hernandez, Lauren and Bhattacharjee, Arunima and Esser-kahn, Aaron P},
	doi = {10.1021/acs.chemmater.8b02293},
	issn = {0897-4756},
	journal = {Chemistry of Materials},
	pages = {8126--8133},
	publisher = {American Chemical Society},
	title = {{Structural Remodeling of Polymeric Material via Diffusion Controlled Polymerization and Chain Scission}},
	volume = {30},
	year = {2018},
	Bdsk-Url-1 = {https://doi.org/10.1021/acs.chemmater.8b02293}}

@article{SchwantesSupplementaryMatrices,
	author = {Schwantes, Christian R and Pande, Vijay S},
	pages = {1--11},
	title = {{Supplementary Information for `` Modeling Molecular Kinetics with tICA and the Kernel Trick '' Maximum Likelihood Estimator for tICA Matrices}}}

@article{SansteadSupportingSpectroscopy,
	author = {Sanstead, Paul J and Stevenson, Paul and Tokmakoff, Andrei},
	pages = {1--11},
	title = {{Supporting Information Sequence dependent mechanism of DNA oligonucleotide dehybridization resolved through infrared spectroscopy}}}

@article{ChoiSynthesis,
	author = {Choi, Hyuk Joon and Yanc, Ryunc and Kunioka, Masao},
	pages = {807--814},
	title = {{Synthesis and Characterization of pH-Sensitive and Biodegradable Hydrogels Prepared by y Irradiation Using Microbial Poly ( y-glutamic acid ) and Poly ( c-lysine )}}}

@article{Ferguson2010SystematicMaps,
	author = {Ferguson, Andrew L. and Panagiotopoulos, Athanassios Z. and Debenedetti, Pablo G. and Kevrekidis, Ioannis G.},
	doi = {10.1073/pnas.1003293107},
	isbn = {1003293107},
	issn = {00278424},
	journal = {Proceedings of the National Academy of Sciences of the United States of America},
	number = {31},
	pages = {13597--13602},
	title = {{Systematic determination of order parameters for chain dynamics using diffusion maps}},
	volume = {107},
	year = {2010},
	Bdsk-Url-1 = {https://doi.org/10.1073/pnas.1003293107}}

@article{Ferguson2010SystematicMapsb,
	author = {Ferguson, Andrew L. and Panagiotopoulos, Athanassios Z. and Debenedetti, Pablo G. and Kevrekidis, Ioannis G.},
	doi = {10.1073/pnas.1003293107},
	isbn = {1003293107},
	issn = {00278424},
	journal = {Proceedings of the National Academy of Sciences of the United States of America},
	number = {31},
	pages = {13597--13602},
	title = {{Systematic determination of order parameters for chain dynamics using diffusion maps}},
	volume = {107},
	year = {2010},
	Bdsk-Url-1 = {https://doi.org/10.1073/pnas.1003293107}}

@article{Santalucia2004TM,
	author = {Santalucia, John and Hicks, Donald},
	doi = {10.1146/annurev.biophys.32.110601.141800},
	keywords = {a variety of molecular, biology techniques, geno-, hybridization, in vitro, nucleic acid folding, oligonucleotides, prediction, role in biology, s abstract dna secondary, secondary structure, selected dna, structure plays an important, typing diagnostics},
	title = {{T t dna s m}},
	year = {2004},
	Bdsk-Url-1 = {https://doi.org/10.1146/annurev.biophys.32.110601.141800}}

@article{Funabashi2013TargetedFemtoinjection,
	author = {Funabashi, Hisakage and Oura, Seitaro and Saito, Mikako and Matsuoka, Hideaki},
	doi = {10.1016/j.nano.2013.03.003},
	issn = {1549-9634},
	journal = {Nanomedicine: Nanotechnology, Biology, and Medicine},
	keywords = {2, 4, 6 in, Decoy oligodeoxynucleotide (ODN), Embryonic Stem cells (ES cells), Femtoinjection, Single cell analysis, cells, cells 3, decoy oligodeoxynucleotide, embryonic stem cells, es cells, femtoinjection, have received considerable attention, in recent years, ips, make use of embryonic, odn, or induced pluripotent stem, regenerative medicine therapies that, single cell analysis, stem cells 1},
	number = {7},
	pages = {855--863},
	publisher = {Elsevier Inc.},
	title = {{Targeted delivery of a decoy oligodeoxynucleotide to a single ES cell by femtoinjection}},
	url = {http://dx.doi.org/10.1016/j.nano.2013.03.003},
	volume = {9},
	year = {2013},
	Bdsk-Url-1 = {http://dx.doi.org/10.1016/j.nano.2013.03.003}}

@article{Webb2020TargetedGenome,
	author = {Webb, Michael A. and Jackson, Nicholas E. and Gil, Phwey S. and de Pablo, Juan J.},
	doi = {10.1126/sciadv.abc6216},
	issn = {23752548},
	journal = {Science advances},
	number = {43},
	pmid = {33087352},
	title = {{Targeted sequence design within the coarse-grained polymer genome}},
	volume = {6},
	year = {2020},
	Bdsk-Url-1 = {https://doi.org/10.1126/sciadv.abc6216}}

@article{Lequieu2016Tension-dependentUnwrapping,
	arxivid = {1607.05742},
	author = {Lequieu, Joshua and C{\'{o}}rdoba, Andr{\'e}s and Schwartz, David C. and De Pablo, Juan J.},
	doi = {10.1021/acscentsci.6b00201},
	issn = {23747951},
	journal = {ACS Central Science},
	number = {9},
	pages = {660--666},
	title = {{Tension-dependent free energies of nucleosome unwrapping}},
	volume = {2},
	year = {2016},
	Bdsk-Url-1 = {https://doi.org/10.1021/acscentsci.6b00201}}

@article{Abadi2016TensorFlow:Systems,
	arxivid = {1603.04467},
	author = {Abadi, Mart{\'\i}n and Agarwal, Ashish and Barham, Paul and Brevdo, Eugene and Chen, Zhifeng and Citro, Craig and Corrado, Greg S. and Davis, Andy and Dean, Jeffrey and Devin, Matthieu and Ghemawat, Sanjay and Goodfellow, Ian and Harp, Andrew and Irving, Geoffrey and Isard, Michael and Jia, Yangqing and Jozefowicz, Rafal and Kaiser, Lukasz and Kudlur, Manjunath and Levenberg, Josh and Mane, Dan and Monga, Rajat and Moore, Sherry and Murray, Derek and Olah, Chris and Schuster, Mike and Shlens, Jonathon and Steiner, Benoit and Sutskever, Ilya and Talwar, Kunal and Tucker, Paul and Vanhoucke, Vincent and Vasudevan, Vijay and Viegas, Fernanda and Vinyals, Oriol and Warden, Pete and Wattenberg, Martin and Wicke, Martin and Yu, Yuan and Zheng, Xiaoqiang},
	title = {{TensorFlow: Large-Scale Machine Learning on Heterogeneous Distributed Systems}},
	url = {http://arxiv.org/abs/1603.04467},
	year = {2016},
	Bdsk-Url-1 = {http://arxiv.org/abs/1603.04467}}

@article{Nonin1995TerminalFraying,
	author = {Nonin, Sylvie and Leroy, Jean Louis and Gu{\'{e}}ron, Maurice},
	doi = {10.1021/bi00033a041},
	issn = {15204995},
	journal = {Biochemistry},
	number = {33},
	pages = {10652--10659},
	pmid = {7654719},
	title = {{Terminal Base Pairs of Oligodeoxynucleotides: Imino Proton Exchange and Fraying}},
	volume = {34},
	year = {1995},
	Bdsk-Url-1 = {https://doi.org/10.1021/bi00033a041}}

@article{Schickinger2018TetheredHelices,
	author = {Schickinger, Matthias and Zacharias, Martin and Dietz, Hendrik and Schickinger, Matthias and Zacharias, Martin and Dietz, Hendrik},
	doi = {10.1073/pnas.1814449115},
	number = {39},
	title = {{Tethered multifluorophore motion reveals equilibrium transition kinetics of single DNA double helices}},
	volume = {115},
	year = {2018},
	Bdsk-Url-1 = {https://doi.org/10.1073/pnas.1814449115}}

@article{Manuscript2014The2012,
	author = {Manuscript, Author},
	keywords = {abc, dna, molecular dynamics, sequence effects, tetranucleotide steps},
	number = {3},
	pages = {379--397},
	title = {{The ABCs of molecular dynamics simulations on B-DNA, circa 2012}},
	volume = {37},
	year = {2014}}

@article{Gordon2020TheCoronavirus,
	author = {Gordon, Calvin J and Tchesnokov, Egor P and Feng, Joy Y. and Porter, Danielle P and Gotte, Matthias},
	doi = {10.1074/jbc.ac120.013056},
	issn = {0021-9258},
	journal = {Journal of Biological Chemistry},
	pages = {jbc.AC120.013056},
	pmid = {32094225},
	title = {{The antiviral compound remdesivir potently inhibits RNA-dependent RNA polymerase from Middle East respiratory syndrome coronavirus}},
	volume = {295},
	year = {2020},
	Bdsk-Url-1 = {https://doi.org/10.1074/jbc.ac120.013056}}

@article{Bar-on2018TheEarth,
	author = {Bar-on, Yinon M and Phillips, Rob and Milo, Ron},
	doi = {10.1073/pnas.1711842115},
	title = {{The biomass distribution on Earth}},
	year = {2018},
	Bdsk-Url-1 = {https://doi.org/10.1073/pnas.1711842115}}

@article{Hamermesh2020TheQuarrel,
	author = {Hamermesh, Richard G and Preble, Matthew G},
	number = {Autumn},
	pages = {1--24},
	title = {{The CRISPR-Cas9 Quarrel}},
	volume = {01},
	year = {2020}}

@article{Kampeerapappun2016TheProperties,
	author = {Kampeerapappun, Piyaporn},
	doi = {10.1002/app.43273},
	keywords = {10, 1002, 43273, accepted 25 november 2015, app, cellulose and other wood, composites, doi, electrospinning, fibers, nanoparticles, nanowires and nanocrystals, products, received 23 july 2015},
	pages = {1--7},
	title = {{The electrospun polyhydroxybutyrate fibers reinforced with cellulose nanocrystals : Morphology and properties}},
	volume = {43273},
	year = {2016},
	Bdsk-Url-1 = {https://doi.org/10.1002/app.43273}}

@article{PinamontiTheModels,
	arxivid = {arXiv:1811.12144v2},
	author = {Pinamonti, Giovanni and Paul, Fabian and Rodriguez, Alex and Bussi, Giovanni},
	title = {{The mechanism of RNA base fraying: molecular dynamics simulations analyzed with core-set Markov state models}},
	volume = {43}}

@article{Wong2008TheSimulations,
	author = {Wong, Ka Yiu and Pettitt, B. Montgomery},
	doi = {10.1529/biophysj.108.141010},
	issn = {15420086},
	journal = {Biophysical Journal},
	number = {12},
	pages = {5618--5626},
	title = {{The pathway of oligomeric DNA melting investigated by molecular dynamics simulations}},
	volume = {95},
	year = {2008},
	Bdsk-Url-1 = {https://doi.org/10.1529/biophysj.108.141010}}

@article{Mosayebi2014TheFormation,
	author = {Mosayebi, Majid and Romano, Flavio and Ouldridge, Thomas E. and Louis, Ard A. and Doye, Jonathan P.K.},
	doi = {10.1021/jp510061f},
	issn = {15205207},
	journal = {Journal of Physical Chemistry B},
	number = {49},
	pages = {14326--14335},
	title = {{The role of loop stacking in the dynamics of DNA hairpin formation}},
	volume = {118},
	year = {2014},
	Bdsk-Url-1 = {https://doi.org/10.1021/jp510061f}}

@article{Nguyen2019TheoryCations,
	author = {Nguyen, Hung T. and Hori, Naoto and Thirumalai, D.},
	doi = {10.1073/pnas.1911632116},
	isbn = {1911632116},
	issn = {10916490},
	journal = {Proceedings of the National Academy of Sciences of the United States of America},
	keywords = {Free energy, Ion preferential interaction coefficients, RNA folding, Reference interaction site model (RISM), Three-interaction site (TIS) model},
	number = {42},
	pages = {21022--21030},
	pmid = {31570624},
	title = {{Theory and simulations for RNA folding in mixtures of monovalent and divalent cations}},
	volume = {116},
	year = {2019},
	Bdsk-Url-1 = {https://doi.org/10.1073/pnas.1911632116}}

@article{Iurt1961ThermalT,
	author = {Iurt, Julius M A R and Doty, Paul},
	doi = {10.1016/S0022-2836(61)80023-5},
	issn = {0022-2836},
	journal = {Journal of Molecular Biology},
	number = {5},
	pages = {585--594},
	publisher = {Academic Press Inc. (London) Ltd.},
	title = {{Thermal Renaturation of Deoxyribonucleic Acids t}},
	url = {http://dx.doi.org/10.1016/S0022-2836(61)80023-5},
	volume = {3},
	year = {1961},
	Bdsk-Url-1 = {http://dx.doi.org/10.1016/S0022-2836(61)80023-5}}

@article{Dickman2012ThermodynamicDNAs,
	author = {Dickman, Rebekah and Manyanga, Fidelis and Brewood, Greg P. and Fish, Daniel J. and Fish, Cameron A. and Summers, Charlie and Horne, M. Todd and Benight, Albert S.},
	doi = {10.4236/jbpc.2012.31001},
	issn = {2153-036X},
	journal = {Journal of Biophysical Chemistry},
	keywords = {dangling-ends, dna thermodynamics},
	number = {01},
	pages = {1--15},
	title = {{Thermodynamic contributions of 5'- and 3'-single strand dangling-ends to the stability of short duplex DNAs}},
	volume = {03},
	year = {2012},
	Bdsk-Url-1 = {https://doi.org/10.4236/jbpc.2012.31001}}

@article{Bommarito2000ThermodynamicEnds,
	author = {Bommarito, Salvatore and Peyret, Nicolas and SantaLucia, John},
	doi = {10.1093/nar/28.9.1929},
	issn = {03051048},
	journal = {Nucleic Acids Research},
	number = {9},
	pages = {1929--1934},
	pmid = {10756193},
	title = {{Thermodynamic parameters for DNA sequences with dangling ends}},
	volume = {28},
	year = {2000},
	Bdsk-Url-1 = {https://doi.org/10.1093/nar/28.9.1929}}

@article{Doktycz1990ThermodynamicATGC,
	author = {Doktycz, Mitchel J. and Paner, Teodoro M. and Amaratunga, Mohan and Benight, Albert S.},
	doi = {10.1002/bip.360300718},
	issn = {10970282},
	journal = {Biopolymers},
	number = {7-8},
	pages = {829--845},
	title = {{Thermodynamic stability of the 5′ dangling‐ended DNA hairpins formed from sequences 5′‐(XY)2GGATAC(T)4GTATCC‐3′, where X, Y = A,T,G,C}},
	volume = {30},
	year = {1990},
	Bdsk-Url-1 = {https://doi.org/10.1002/bip.360300718}}

@article{Chen2019ThermodynamicsOptimization,
	author = {Chen, Xin and Liu, Na and Liu, Liquan and Chen, Wei and Chen, Na and Lin, Meng and Xu, Jiaju and Zhou, Xing and Wang, Hongbo and Zhao, Meiping and Xiao, Xianjin},
	doi = {10.1038/s41467-019-12593-9},
	issn = {20411723},
	journal = {Nature Communications},
	number = {1},
	pages = {1--12},
	pmid = {31611572},
	publisher = {Springer US},
	title = {{Thermodynamics and kinetics guided probe design for uniformly sensitive and specific DNA hybridization without optimization}},
	url = {http://dx.doi.org/10.1038/s41467-019-12593-9},
	volume = {10},
	year = {2019},
	Bdsk-Url-1 = {http://dx.doi.org/10.1038/s41467-019-12593-9}}

@article{Porschke1973ThermodynamicsPairs,
	author = {P{\"{o}}rschke, D. and Uhlenbeck, O. C. and Martin, F. H.},
	doi = {10.1002/bip.1973.360120609},
	issn = {10970282},
	journal = {Biopolymers},
	number = {6},
	pages = {1313--1335},
	title = {{Thermodynamics and kinetics of the helix‐coil transition of oligomers containing GC base pairs}},
	volume = {12},
	year = {1973},
	Bdsk-Url-1 = {https://doi.org/10.1002/bip.1973.360120609}}

@article{Stillinger2020ThermodynamicsSimulations,
	author = {Stillinger, Frank H and Debenedetti, Pablo G},
	pages = {1--23},
	title = {{Thermodynamics of DNA Hybridization from Atomistic Simulations}},
	year = {2020}}

@article{Engineering2017Three-DimensionalDiffusion,
	author = {Engineering, Biological},
	doi = {10.1103/PhysRevLett.119.268001},
	number = {December},
	pages = {1--6},
	title = {{Three-Dimensional Tracking of Interfacial Hopping Diffusion}},
	volume = {268001},
	year = {2017},
	Bdsk-Url-1 = {https://doi.org/10.1103/PhysRevLett.119.268001}}

@article{Sultan2017TICA-Metadynamics:Variables,
	author = {Sultan, Mohammad M. and Pande, Vijay S.},
	doi = {10.1021/acs.jctc.7b00182},
	issn = {15499626},
	journal = {Journal of Chemical Theory and Computation},
	number = {6},
	pages = {2440--2447},
	pmid = {28383914},
	title = {{TICA-Metadynamics: Accelerating Metadynamics by Using Kinetically Selected Collective Variables}},
	volume = {13},
	year = {2017},
	Bdsk-Url-1 = {https://doi.org/10.1021/acs.jctc.7b00182}}

@article{Andreatta2006UltrafastHelix,
	author = {Andreatta, Daniele and Sen, Sobhan and P{\'{e}}rez Lustres, J. Luis and Kovalenko, Sergey A. and Ernsting, Nikolaus P. and Murphy, Catherine J. and Coleman, Robert S. and Berg, Mark A.},
	doi = {10.1021/ja0582105},
	issn = {00027863},
	journal = {Journal of the American Chemical Society},
	number = {21},
	pages = {6885--6892},
	pmid = {16719468},
	title = {{Ultrafast dynamics in DNA: "Fraying" at the end of the helix}},
	volume = {128},
	year = {2006},
	Bdsk-Url-1 = {https://doi.org/10.1021/ja0582105}}

@book{Lipfert2014UnderstandingInteractions,
	author = {Lipfert, Jan and Doniach, Sebastian and Das, Rhiju and Herschlag, Daniel},
	booktitle = {Annual Review of Biochemistry},
	doi = {10.1146/annurev-biochem-060409-092720},
	isbn = {0604090927},
	issn = {0066-4154},
	keywords = {boltzmann, condensation, dna, electrostatics, free energy, hill equation, ions, manning, poisson, rna},
	number = {1},
	pages = {813--841},
	title = {{Understanding Nucleic Acid--Ion Interactions}},
	volume = {83},
	year = {2014},
	Bdsk-Url-1 = {https://doi.org/10.1146/annurev-biochem-060409-092720}}

@article{Mardt2018VAMPnetsKinetics,
	author = {Mardt, Andreas and Pasquali, Luca and Wu, Hao and No{\'{e}}, Frank},
	doi = {10.1038/s41467-017-02388-1},
	issn = {20411723},
	journal = {Nature Communications},
	number = {1},
	pages = {1--11},
	pmid = {29295994},
	publisher = {Springer US},
	title = {{VAMPnets for deep learning of molecular kinetics}},
	url = {http://dx.doi.org/10.1038/s41467-017-02388-1},
	volume = {9},
	year = {2018},
	Bdsk-Url-1 = {http://dx.doi.org/10.1038/s41467-017-02388-1}}

@article{WuVariationalData,
	arxivid = {arXiv:1707.04659v2},
	author = {Wu, Hao},
	number = {Dmd},
	pages = {1--30},
	title = {{Variational approach for learning Markov processes from time series data}}}

@article{Wu2020VariationalData,
	arxivid = {1707.04659},
	author = {Wu, Hao and No{\'{e}}, Frank},
	doi = {10.1007/s00332-019-09567-y},
	issn = {14321467},
	journal = {Journal of Nonlinear Science},
	keywords = {Data-driven methods, Koopman operator, Markov process, Variational approach},
	number = {1},
	pages = {23--66},
	title = {{Variational Approach for Learning Markov Processes from Time Series Data}},
	volume = {30},
	year = {2020},
	Bdsk-Url-1 = {https://doi.org/10.1007/s00332-019-09567-y}}

@article{Nu2014VariationalKinetics,
	author = {Nu, Feliks and Keller, Bettina G and Pe, Guillermo and Mey, Antonia S J S and Noe, Frank},
	doi = {10.1021/ct4009156},
	title = {{Variational Approach to Molecular Kinetics}},
	year = {2014},
	Bdsk-Url-1 = {https://doi.org/10.1021/ct4009156}}

@article{McGibbon2015VariationalKinetics,
	arxivid = {1407.8083},
	author = {McGibbon, Robert T. and Pande, Vijay S.},
	doi = {10.1063/1.4916292},
	issn = {00219606},
	journal = {Journal of Chemical Physics},
	number = {12},
	title = {{Variational cross-validation of slow dynamical modes in molecular kinetics}},
	url = {http://dx.doi.org/10.1063/1.4916292},
	volume = {142},
	year = {2015},
	Bdsk-Url-1 = {http://dx.doi.org/10.1063/1.4916292}}

@article{WaltAlvorado2019WaltsCandidacy,
	author = {{Walt Alvorado}},
	title = {{Walt's Candidacy}},
	year = {2019}}

@misc{Wehmeyer2019.pdf,
	title = {{Wehmeyer, Noe [livejournal PyEmma tutorial] (2019).pdf}}}
